2858 4784
178 569 237 648 tui·
257 585 287 630 e·
306 547 613 630 tentionibus
634 549 729 638 (vera
744 547 846 636 ratio)
867 543 958 618 alind
981 551 1211 648 (ae-semus),

179 677 276 746 unde
298 688 462 754 conetur,
484 675 542 734 ant
559 662 653 731 unde
665 659 710 729 ad
723 683 842 730 verum
861 663 1028 751 impetum
1049 670 1162 756 capiat
1180 685 1223 744 er„

179 795 217 860 in
239 817 275 860 se
293 800 496 872 revertatur.
539 779 625 846 Nam
649 772 799 842 mundus
818 799 955 868 quoque
981 797 1105 848 cuncta
1125 805 1220 854 com-t

177 905 362 997 plectunt.¹
376 911 560 985 rectorque
582 890 732 958 universi
749 889 859 974 Deus,
890 890 929 958 in
948 896 1114 962 exteriora
1139 898 1218 987 qui.

181 1019 263 1086 dem
282 1012 416 1090 tendit,
439 1008 500 1078 sed
517 1023 629 1074 tamen
646 1005 812 1070 intutum
830 1002 989 1094 undique
1004 1009 1041 1074 in
1059 1031 1096 1076 se
1107 1009 1214 1080 redit.

179 1129 279 1200 idem
305 1143 421 1194 nostra
446 1143 540 1192 mens
571 1117 700 1184 saciatr
734 1140 813 1184 cum
835 1135 953 1188 secuta
976 1144 1093 1188 sensus
1114 1147 1220 1204 suot,

180 1267 247 1335 per
267 1239 342 1308 illos
369 1238 413 1306 ad
443 1251 586 1318 externa
611 1255 648 1298 se
677 1234 872 1319 porrexerit
898 1249 934 1302 et
954 1231 1091 1302 illorum
1113 1252 1148 1303 et
1166 1238 1220 1310 sni

181 1373 307 1448 potens
332 1355 400 1434 sit,
423 1365 459 1416 et
481 1348 534 1434 (ut
553 1347 601 1412 ite
618 1345 746 1426 dicam)
768 1343 942 1414 devinciat
963 1365 1132 1418 summum
1148 1352 1220 1418 bo·

180 1493 279 1544 num·
323 1466 398 1533 Hoc
417 1461 521 1532 modo
541 1485 611 1526 nnn
634 1459 800 1531 efficietur
821 1460 871 1526 vis
895 1481 934 1528 ac
956 1475 1105 1552 potestas
1129 1485 1218 1533 eon·

184 1607 260 1652 cors
279 1581 369 1663 sibi,
391 1596 426 1646 et
444 1577 532 1644 ratio
556 1572 616 1640 ilia
638 1587 734 1640 certa
749 1587 934 1650 nascetur,
961 1596 1033 1640 uon
1052 1572 1223 1646 dissidens

181 1723 248 1777 pec
275 1695 447 1772 haesitans
475 1691 513 1760 in
545 1687 765 1782 opinionibus
795 1701 833 1754 et
860 1686 1224 1781 comprehensionibus

181 1837 252 1892 nec
271 1815 309 1878 in
330 1834 390 1878 sua
408 1805 640 1897 persuasione.
650 1794 675 1834 ’⁹

229 1929 358 1996 Seneca
367 1945 447 2006 ergo
459 1943 536 1989 cum
549 1931 687 1987 auctura
704 1928 842 1982 nostrae
854 1911 1018 2003 epistulae
1029 1914 1118 1984 mire
1135 1937 1224 1985 eon-¹

184 2042 311 2114 sentit:
344 2031 493 2104 Solidior
513 2031 611 2098 cibus
633 2025 686 2101 vel
704 2025 865 2093 doctrina
892 2030 1053 2106 convenit
1074 2035 1225 2112 τελείαις,

185 2150 473 2254 perfectioribus,
494 2139 706 2232 sapientibus
722 2139 890 2226 ;,babent
911 2142 1003 2212 onim
1020 2143 1065 2210 ob
1092 2143 1153 2228 ἴξιν
1169 2144 1224 2214 vel

186 2269 322 2342 uirtutis
338 2265 516 2344 habitum,
540 2275 609 2348 quo
627 2255 778 2346 gaudent
789 2296 808 2332 ,κ
823 2279 941 2322 sensus
956 2257 1157 2328 exercitatos
1180 2255 1226 2329 ad

183 2375 453 2460 discernendum
471 2373 602 2440 bonum
619 2386 654 2438 et
670 2367 808 2436 malum.
844 2368 991 2442 Virtutis
1011 2369 1150 2438 babitus
1173 2385 1227 2442 est

183 2502 276 2574 enim
290 2507 431 2564 certum
451 2505 486 2558 et
504 2499 645 2558 rectum
655 2484 846 2576 judicium
861 2484 916 2552 vel
935 2509 1026 2555 veru
1048 2487 1145 2554 ratio
1149 2532 1167 2572 ,
1189 2499 1228 2572 et

183 2615 272 2682 baec
292 2631 374 2680 vara
395 2603 487 2674 ratio
507 2602 617 2668 oritur
640 2623 683 2672 er
702 2601 858 2673 sensibus
879 2598 1071 2684 exercitatis
1091 2625 1225 2684 γεγμμ-

186 2729 344 2816 γοωμένοις
355 2719 566 2804 αἰσθητηρίοις.
590 2714 772 2782 Caeterum
782 2713 1073 2804 praepositionem
1091 2717 1143 2786 διὰ
1156 2712 1227 2784 boe

183 2843 263 2919 loco
275 2862 346 2905 non
358 2833 419 2922 id,
433 2854 507 2918 per
524 2829 639 2917 quod,
654 2826 714 2896 sed
730 2827 767 2895 id
778 2876 789 2904 ‚
801 2841 956 2914 propter
974 2829 1069 2917 quod
1087 2845 1226 2914 notauu-¹
1253 2823 1255 2826 ’

186 2981 229 3033 px
256 2951 369 3026 multis
399 2945 483 3014 lotis
513 2944 557 3012 N·
577 2942 622 3008 Τ.
653 2956 753 3030 patet
781 2939 872 3027 (cfr.
893 2941 1065 3015 Wablii
1104 2941 1229 3016 Clavi!

185 3094 265 3162 pag.
286 3068 401 3155 opp),
423 3077 578 3131 necnon
601 3071 778 3124 contextus
800 3054 916 3126 docet.
959 3058 1047 3126 Nam
1064 3055 1095 3122 si
1116 3055 1225 3142 signi-

186 3183 384 3256 ficationem
399 3198 473 3264 per
495 3171 592 3263 quod
612 3168 795 3238 admittere
816 3169 979 3240 vellemus
992 3217 1010 3259 ,b
1033 3185 1074 3236 nt
1092 3169 1225 3240 wat*

187 3299 279 3370 lius
300 3294 407 3375 fecit,
429 3288 566 3379 phrasis
584 3290 636 3359 διὰ
654 3289 710 3366 riu
730 3285 792 3372 ἕξιν
808 3287 927 3379 inepta
950 3305 1023 3367 esse
1042 3283 1097 3352 vel
1123 3281 1228 3373 plane
1267 3314 1270 3324 ·

186 3408 383 3482 redundare
403 3403 590 3478 videretur·
634 3401 782 3468 Habitus
802 3401 894 3470 enim
914 3399 952 3466 in
970 3396 1040 3464 ulla
1058 3395 1228 3488 aliquare

188 3529 358 3604 oriturus
378 3545 441 3586 usu
462 3534 498 3586 et
520 3517 788 3600 exercitatione,
810 3531 862 3582 est
885 3535 1099 3602 consequens
1121 3535 1226 3580 exer-

190 3639 371 3709 citationis.
400 3634 438 3702 si
451 3656 530 3720 ergo
543 3632 831 3720 praepositionem
842 3630 896 3699 tre
908 3650 978 3713 per
994 3623 1231 3709 verteremus,

192 3754 402 3825 contrarium
424 3749 617 3824 diceretur,
641 3769 706 3833 per
723 3744 881 3810 habitum
900 3741 978 3808 fieri
997 3763 1115 3810 sensus
1131 3763 1233 3809 exer«

190 3874 332 3970 citntos,
357 3861 452 3961 quod
468 3863 627 3952 ineptum
649 3856 738 3927 esset
760 3843 860 3946 (29).

190 4031 388 4056 ...m—1·-

227 4127 302 4206 (so)
318 4126 448 4199 Rengel
467 4129 563 4183 Gneus.
582 4121 615 4180 ad
632 4121 661 4182 b.
678 4121 698 4182 1.
714 4131 802 4180 nourr
837 4119 941 4210 ι’ξεις
956 4121 1052 4181 dieitur
1064 4117 1096 4176 de
1111 4105 1186 4192 cors,
1202 4112 1232 4172 ίὴ
