<?xml version="1.0" encoding="UTF-8"?>
<!DOCTYPE html PUBLIC "-//W3C//DTD XHTML 1.0 Transitional//EN"
    "http://www.w3.org/TR/xhtml1/DTD/xhtml1-transitional.dtd">
<html xmlns="http://www.w3.org/1999/xhtml" xml:lang="en" lang="en">
 <head>
  <title>
</title>
<meta http-equiv="Content-Type" content="text/html;charset=utf-8" />
  <meta name='ocr-system' content='tesseract 3.04.00' />
  <meta name='ocr-capabilities' content='ocr_page ocr_carea ocr_par ocr_line ocrx_word'/>
</head>
<body>
  <div class='ocr_page' id='page_1' title='image "./vindiciaeorigin01gelpgoog_0092.png"; bbox 0 0 2858 4784; ppageno 0'>
   <div class='ocr_carea' id='block_1_1' title="bbox 582 374 791 517">
    <p class='ocr_par' dir='ltr' id='par_1_1' title="bbox 582 374 791 517">
     <span class='ocr_line' id='line_1_1' title="bbox 582 374 791 517; baseline 0.024 -5"><span class='ocrx_word' id='word_1_1' title='bbox 582 374 791 517; x_wconf 70' lang='lat' dir='ltr'>&lt;ot</span> 
     </span>
    </p>
   </div>
   <div class='ocr_carea' id='block_1_2' title="bbox 94 603 1183 1042">
    <p class='ocr_par' dir='ltr' id='par_1_2' title="bbox 94 603 1183 1042">
     <span class='ocr_line' id='line_1_2' title="bbox 96 603 1151 702; baseline 0.002 -26"><span class='ocrx_word' id='word_1_2' title='bbox 96 609 227 679; x_wconf 78' lang='lat' dir='ltr'>video.</span> <span class='ocrx_word' id='word_1_3' title='bbox 278 611 346 681; x_wconf 86' lang='lat' dir='ltr'>Sed</span> <span class='ocrx_word' id='word_1_4' title='bbox 366 612 493 680; x_wconf 86' lang='lat' dir='ltr'>multae</span> <span class='ocrx_word' id='word_1_5' title='bbox 512 603 679 697; x_wconf 76' lang='lat' dir='ltr'>ejusmodi</span> <span class='ocrx_word' id='word_1_6' title='bbox 696 630 794 678; x_wconf 86' lang='lat' dir='ltr'>voces</span> <span class='ocrx_word' id='word_1_7' title='bbox 814 609 852 678; x_wconf 88' lang='lat' dir='ltr'>in</span> <span class='ocrx_word' id='word_1_8' title='bbox 873 625 987 679; x_wconf 83' lang='lat' dir='ltr'>nostra</span> <span class='ocrx_word' id='word_1_9' title='bbox 1008 611 1151 702; x_wconf 84' lang='lat' dir='ltr'>epistola</span> 
     </span>
     <span class='ocr_line' id='line_1_3' title="bbox 96 723 1150 819; baseline 0 -27"><span class='ocrx_word' id='word_1_10' title='bbox 96 742 329 808; x_wconf 83' lang='lat' dir='ltr'>occurrunt,</span> <span class='ocrx_word' id='word_1_11' title='bbox 353 750 440 819; x_wconf 81' lang='lat' dir='ltr'>quae</span> <span class='ocrx_word' id='word_1_12' title='bbox 466 723 621 815; x_wconf 87' lang='lat' dir='ltr'>nuspiam</span> <span class='ocrx_word' id='word_1_13' title='bbox 645 723 684 790; x_wconf 88' lang='lat' dir='ltr'>iu</span> <span class='ocrx_word' id='word_1_14' title='bbox 709 723 863 792; x_wconf 86' lang='lat' dir='ltr'>Philonis</span> <span class='ocrx_word' id='word_1_15' title='bbox 884 724 1019 813; x_wconf 84' lang='lat' dir='ltr'>scriptis</span> <span class='ocrx_word' id='word_1_16' title='bbox 1044 749 1150 812; x_wconf 86' lang='lat' dir='ltr'>repc-</span> 
     </span>
     <span class='ocr_line' id='line_1_4' title="bbox 94 821 1183 930; baseline 0.009 -30"><span class='ocrx_word' id='word_1_17' title='bbox 94 836 269 904; x_wconf 85' lang='lat' dir='ltr'>riuntur.</span> <span class='ocrx_word' id='word_1_18' title='bbox 314 840 355 906; x_wconf 86' lang='grc' dir='ltr'>Ε.</span> <span class='ocrx_word' id='word_1_19' title='bbox 377 863 409 925; x_wconf 78' lang='lat' dir='ltr'>g.</span> <span class='ocrx_word' id='word_1_20' title='bbox 436 841 635 927; x_wconf 72' lang='grc' dir='ltr'><strong><em>πρθνφατρσε</em></strong></span> <span class='ocrx_word' id='word_1_21' title='bbox 656 841 741 919; x_wconf 69' lang='grc' dir='ltr'><strong><em>θεν-θ.</em></strong></span> <span class='ocrx_word' id='word_1_22' title='bbox 769 842 989 930; x_wconf 71' lang='grc' dir='ltr'><strong><em>εθπερθπετρε</em></strong></span> <span class='ocrx_word' id='word_1_23' title='bbox 1008 844 1154 924; x_wconf 71' lang='grc' dir='ltr'><strong><em>εὐνοεῖν,</em></strong></span> <span class='ocrx_word' id='word_1_24' title='bbox 1179 821 1183 834; x_wconf 58' lang='grc'><strong>’</strong></span> 
     </span>
     <span class='ocr_line' id='line_1_5' title="bbox 105 937 476 1042; baseline 0.011 -21"><span class='ocrx_word' id='word_1_25' title='bbox 105 937 384 1042; x_wconf 66' lang='lat' dir='ltr'>darentiacum.</span> <span class='ocrx_word' id='word_1_26' title='bbox 408 970 476 1025; x_wconf 84' lang='lat' dir='ltr'>cet.</span> 
     </span>
    </p>
   </div>
   <div class='ocr_carea' id='block_1_3' title="bbox 478 1181 795 1272">
    <p class='ocr_par' dir='ltr' id='par_1_3' title="bbox 478 1181 795 1272">
     <span class='ocr_line' id='line_1_6' title="bbox 478 1181 795 1272; baseline -0.006 -20"><span class='ocrx_word' id='word_1_27' title='bbox 478 1181 601 1271; x_wconf 73' lang='lat' dir='ltr'>Caput</span> <span class='ocrx_word' id='word_1_28' title='bbox 620 1182 795 1272; x_wconf 70' lang='lat' dir='ltr'>quintum</span> 
     </span>
    </p>
   </div>
   <div class='ocr_carea' id='block_1_4' title="bbox 76 1405 1277 4239">
    <p class='ocr_par' dir='ltr' id='par_1_4' title="bbox 76 1405 1277 3995">
     <span class='ocr_line' id='line_1_7' title="bbox 145 1405 1155 1504; baseline 0.004 -32"><span class='ocrx_word' id='word_1_29' title='bbox 145 1405 213 1472; x_wconf 81' lang='lat' dir='ltr'>Ad</span> <span class='ocrx_word' id='word_1_30' title='bbox 240 1431 288 1476; x_wconf 82' lang='lat' dir='ltr'>vs.</span> <span class='ocrx_word' id='word_1_31' title='bbox 304 1429 336 1476; x_wconf 76' lang='lat' dir='ltr'>t·</span> <span class='ocrx_word' id='word_1_32' title='bbox 386 1407 603 1482; x_wconf 78' lang='lat' dir='ltr'><strong>Vocabulum</strong></span> <span class='ocrx_word' id='word_1_33' title='bbox 626 1413 859 1498; x_wconf 66' lang='grc' dir='ltr'>μετριοπαθεῖν,</span> <span class='ocrx_word' id='word_1_34' title='bbox 889 1407 985 1498; x_wconf 81' lang='lat' dir='ltr'>quod</span> <span class='ocrx_word' id='word_1_35' title='bbox 1015 1408 1095 1504; x_wconf 76' lang='lat' dir='ltr'>alias</span> <span class='ocrx_word' id='word_1_36' title='bbox 1116 1407 1155 1476; x_wconf 85' lang='lat' dir='ltr'>iu</span> 
     </span>
     <span class='ocr_line' id='line_1_8' title="bbox 76 1493 1154 1609; baseline 0.002 -23"><span class='ocrx_word' id='word_1_37' title='bbox 76 1519 149 1609; x_wconf 70' lang='grc' dir='ltr'>Ν.</span> <span class='ocrx_word' id='word_1_38' title='bbox 172 1523 224 1586; x_wconf 90' lang='grc' dir='ltr'>Τ.</span> <span class='ocrx_word' id='word_1_39' title='bbox 249 1543 320 1588; x_wconf 87' lang='lat' dir='ltr'>nou</span> <span class='ocrx_word' id='word_1_40' title='bbox 343 1506 516 1598; x_wconf 83' lang='lat' dir='ltr'>occurrit,</span> <span class='ocrx_word' id='word_1_41' title='bbox 544 1539 579 1590; x_wconf 88' lang='lat' dir='ltr'>et</span> <span class='ocrx_word' id='word_1_42' title='bbox 604 1525 677 1597; x_wconf 82' lang='lat' dir='ltr'>sine</span> <span class='ocrx_word' id='word_1_43' title='bbox 696 1523 806 1589; x_wconf 85' lang='lat' dir='ltr'>dubio</span> <span class='ocrx_word' id='word_1_44' title='bbox 822 1520 917 1586; x_wconf 86' lang='lat' dir='ltr'>idem</span> <span class='ocrx_word' id='word_1_45' title='bbox 938 1493 1048 1588; x_wconf 48' lang='lat' dir='ltr'>essa-c</span> <span class='ocrx_word' id='word_1_46' title='bbox 1066 1549 1154 1604; x_wconf 80' lang='grc' dir='ltr'><strong><em>ευμ-</em></strong></span> 
     </span>
     <span class='ocr_line' id='line_1_9' title="bbox 101 1631 1157 1715; baseline -0.002 -13"><span class='ocrx_word' id='word_1_47' title='bbox 101 1636 226 1704; x_wconf 79' lang='grc' dir='ltr'><strong><em>εενεθεῖν</em></strong></span> <span class='ocrx_word' id='word_1_48' title='bbox 248 1632 318 1712; x_wconf 83' lang='lat' dir='ltr'>lv,</span> <span class='ocrx_word' id='word_1_49' title='bbox 340 1636 404 1715; x_wconf 83' lang='lat'>15,</span> <span class='ocrx_word' id='word_1_50' title='bbox 441 1631 663 1700; x_wconf 75' lang='lat' dir='ltr'>referendum</span> <span class='ocrx_word' id='word_1_51' title='bbox 688 1652 739 1700; x_wconf 86' lang='lat' dir='ltr'>est</span> <span class='ocrx_word' id='word_1_52' title='bbox 769 1634 813 1700; x_wconf 82' lang='lat' dir='ltr'>ad</span> <span class='ocrx_word' id='word_1_53' title='bbox 838 1657 937 1700; x_wconf 89' lang='lat' dir='ltr'>usum</span> <span class='ocrx_word' id='word_1_54' title='bbox 963 1632 1157 1700; x_wconf 77' lang='lat' dir='ltr'>scholarum</span> 
     </span>
     <span class='ocr_line' id='line_1_10' title="bbox 104 1745 1155 1836; baseline 0.002 -26"><span class='ocrx_word' id='word_1_55' title='bbox 104 1745 463 1835; x_wconf 83' lang='lat' dir='ltr'>philosophicarum,</span> <span class='ocrx_word' id='word_1_56' title='bbox 499 1746 537 1812; x_wconf 86' lang='lat' dir='ltr'>in</span> <span class='ocrx_word' id='word_1_57' title='bbox 570 1747 694 1836; x_wconf 77' lang='lat' dir='ltr'>quibus</span> <span class='ocrx_word' id='word_1_58' title='bbox 719 1747 864 1813; x_wconf 89' lang='lat' dir='ltr'>multum</span> <span class='ocrx_word' id='word_1_59' title='bbox 889 1745 1155 1834; x_wconf 80' lang='lat' dir='ltr'>disputabatur,</span> 
     </span>
     <span class='ocr_line' id='line_1_11' title="bbox 104 1858 1154 1949; baseline 0.007 -25"><span class='ocrx_word' id='word_1_60' title='bbox 104 1881 200 1925; x_wconf 87' lang='lat' dir='ltr'>num</span> <span class='ocrx_word' id='word_1_61' title='bbox 223 1858 335 1949; x_wconf 82' lang='lat' dir='ltr'>quoad</span> <span class='ocrx_word' id='word_1_62' title='bbox 354 1859 515 1941; x_wconf 77' lang='lat' dir='ltr'>allectus,</span> <span class='ocrx_word' id='word_1_63' title='bbox 538 1861 697 1940; x_wconf 66' lang='grc' dir='ltr'><strong><em>θτθθενρε,</em></strong></span> <span class='ocrx_word' id='word_1_64' title='bbox 720 1881 762 1923; x_wconf 83' lang='lat' dir='ltr'>an</span> <span class='ocrx_word' id='word_1_65' title='bbox 775 1863 1016 1946; x_wconf 71' lang='grc' dir='ltr'><strong><em>μετριρπθθενν,</em></strong></span> <span class='ocrx_word' id='word_1_66' title='bbox 1033 1865 1154 1945; x_wconf 64' lang='lat' dir='ltr'>euiu-</span> 
     </span>
     <span class='ocr_line' id='line_1_12' title="bbox 105 1970 1154 2062; baseline -0.005 -19"><span class='ocrx_word' id='word_1_67' title='bbox 105 1975 236 2044; x_wconf 71' lang='lat' dir='ltr'>miietae</span> <span class='ocrx_word' id='word_1_68' title='bbox 255 1970 415 2039; x_wconf 84' lang='lat' dir='ltr'>sectanda</span> <span class='ocrx_word' id='word_1_69' title='bbox 432 1975 495 2054; x_wconf 66' lang='lat' dir='ltr'>sita</span> <span class='ocrx_word' id='word_1_70' title='bbox 520 1971 574 2042; x_wconf 81' lang='lat' dir='ltr'>vel</span> <span class='ocrx_word' id='word_1_71' title='bbox 595 1971 667 2038; x_wconf 84' lang='lat' dir='ltr'>aliis</span> <span class='ocrx_word' id='word_1_72' title='bbox 689 1971 824 2040; x_wconf 79' lang='lat' dir='ltr'>verbisa</span> <span class='ocrx_word' id='word_1_73' title='bbox 843 1997 941 2062; x_wconf 71' lang='lat' dir='ltr'>uum</span> <span class='ocrx_word' id='word_1_74' title='bbox 964 1974 1067 2038; x_wconf 88' lang='lat' dir='ltr'>satius</span> <span class='ocrx_word' id='word_1_75' title='bbox 1088 1973 1154 2056; x_wconf 88' lang='lat' dir='ltr'>sit,</span> 
     </span>
     <span class='ocr_line' id='line_1_13' title="bbox 105 2085 1154 2167; baseline 0 -15"><span class='ocrx_word' id='word_1_76' title='bbox 105 2085 229 2152; x_wconf 81' lang='lat' dir='ltr'>nullos</span> <span class='ocrx_word' id='word_1_77' title='bbox 251 2085 376 2152; x_wconf 86' lang='lat' dir='ltr'>habere</span> <span class='ocrx_word' id='word_1_78' title='bbox 395 2086 553 2167; x_wconf 84' lang='lat' dir='ltr'>affectus,</span> <span class='ocrx_word' id='word_1_79' title='bbox 577 2110 620 2150; x_wconf 88' lang='lat' dir='ltr'>an</span> <span class='ocrx_word' id='word_1_80' title='bbox 641 2085 814 2164; x_wconf 84' lang='lat' dir='ltr'>modicos,</span> <span class='ocrx_word' id='word_1_81' title='bbox 847 2109 890 2151; x_wconf 83' lang='lat' dir='ltr'>an</span> <span class='ocrx_word' id='word_1_82' title='bbox 915 2109 951 2152; x_wconf 92' lang='lat' dir='ltr'>se</span> <span class='ocrx_word' id='word_1_83' title='bbox 977 2085 1154 2153; x_wconf 81' lang='lat' dir='ltr'>affectibus</span> 
     </span>
     <span class='ocr_line' id='line_1_14' title="bbox 111 2197 1153 2277; baseline 0.007 -15"><span class='ocrx_word' id='word_1_84' title='bbox 111 2215 233 2264; x_wconf 87' lang='lat' dir='ltr'>totum</span> <span class='ocrx_word' id='word_1_85' title='bbox 252 2199 489 2267; x_wconf 78' lang='lat' dir='ltr'>committere?</span> <span class='ocrx_word' id='word_1_86' title='bbox 524 2201 623 2266; x_wconf 81' lang='lat' dir='ltr'>Prius</span> <span class='ocrx_word' id='word_1_87' title='bbox 645 2197 817 2266; x_wconf 78' lang='lat' dir='ltr'><strong>docebant</strong></span> <span class='ocrx_word' id='word_1_88' title='bbox 840 2199 972 2277; x_wconf 86' lang='lat' dir='ltr'>Stoici,</span> <span class='ocrx_word' id='word_1_89' title='bbox 1008 2199 1153 2269; x_wconf 84' lang='lat' dir='ltr'>alterum</span> 
     </span>
     <span class='ocr_line' id='line_1_15' title="bbox 104 2312 1154 2404; baseline 0.003 -26"><span class='ocrx_word' id='word_1_90' title='bbox 104 2312 357 2404; x_wconf 73' lang='lat' dir='ltr'>Peripatetici,</span> <span class='ocrx_word' id='word_1_91' title='bbox 389 2315 531 2381; x_wconf 86' lang='lat' dir='ltr'>tertium</span> <span class='ocrx_word' id='word_1_92' title='bbox 556 2313 733 2402; x_wconf 85' lang='lat' dir='ltr'>Epicurei.</span> <span class='ocrx_word' id='word_1_93' title='bbox 789 2313 919 2384; x_wconf 78' lang='lat' dir='ltr'><strong>Seneca</strong></span> <span class='ocrx_word' id='word_1_94' title='bbox 942 2313 1009 2380; x_wconf 85' lang='lat' dir='ltr'>hac</span> <span class='ocrx_word' id='word_1_95' title='bbox 1035 2312 1079 2379; x_wconf 83' lang='lat' dir='ltr'>de</span> <span class='ocrx_word' id='word_1_96' title='bbox 1112 2337 1154 2381; x_wconf 82' lang='lat' dir='ltr'>re</span> 
     </span>
     <span class='ocr_line' id='line_1_16' title="bbox 101 2405 1151 2518; baseline 0 -26"><span class='ocrx_word' id='word_1_97' title='bbox 101 2449 208 2518; x_wconf 80' lang='lat' dir='ltr'>saepe</span> <span class='ocrx_word' id='word_1_98' title='bbox 231 2405 418 2514; x_wconf 87' lang='lat' dir='ltr'>inscriptis</span> <span class='ocrx_word' id='word_1_99' title='bbox 431 2427 498 2493; x_wconf 88' lang='lat' dir='ltr'>suis</span> <span class='ocrx_word' id='word_1_100' title='bbox 512 2429 617 2495; x_wconf 83' lang='lat' dir='ltr'>verbe</span> <span class='ocrx_word' id='word_1_101' title='bbox 632 2427 738 2510; x_wconf 82' lang='lat' dir='ltr'>iacit,</span> <span class='ocrx_word' id='word_1_102' title='bbox 759 2427 870 2513; x_wconf 80' lang='lat' dir='ltr'>Epist.</span> <span class='ocrx_word' id='word_1_103' title='bbox 882 2429 964 2494; x_wconf 70' lang='lat'>1162</span> <span class='ocrx_word' id='word_1_104' title='bbox 989 2457 1006 2495; x_wconf 78' lang='lat' dir='ltr'>a</span> <span class='ocrx_word' id='word_1_105' title='bbox 1025 2426 1151 2492; x_wconf 84' lang='lat' dir='ltr'>Utrum</span> 
     </span>
     <span class='ocr_line' id='line_1_17' title="bbox 103 2537 1155 2631; baseline 0 -25"><span class='ocrx_word' id='word_1_106' title='bbox 103 2541 216 2606; x_wconf 77' lang='lat' dir='ltr'>satius</span> <span class='ocrx_word' id='word_1_107' title='bbox 241 2539 307 2622; x_wconf 87' lang='lat' dir='ltr'>sit,</span> <span class='ocrx_word' id='word_1_108' title='bbox 328 2539 480 2608; x_wconf 84' lang='lat' dir='ltr'>modicos</span> <span class='ocrx_word' id='word_1_109' title='bbox 500 2541 627 2606; x_wconf 86' lang='lat' dir='ltr'>habere</span> <span class='ocrx_word' id='word_1_110' title='bbox 650 2540 814 2621; x_wconf 83' lang='lat' dir='ltr'>affectus,</span> <span class='ocrx_word' id='word_1_111' title='bbox 837 2562 881 2603; x_wconf 82' lang='lat' dir='ltr'>an</span> <span class='ocrx_word' id='word_1_112' title='bbox 897 2537 1027 2615; x_wconf 85' lang='lat' dir='ltr'>nullos,</span> <span class='ocrx_word' id='word_1_113' title='bbox 1049 2551 1155 2631; x_wconf 72' lang='lat' dir='ltr'>saepe</span> 
     </span>
     <span class='ocr_line' id='line_1_18' title="bbox 103 2649 1151 2744; baseline 0.002 -28"><span class='ocrx_word' id='word_1_114' title='bbox 103 2654 306 2744; x_wconf 87' lang='lat' dir='ltr'>quaesitum</span> <span class='ocrx_word' id='word_1_115' title='bbox 334 2665 400 2717; x_wconf 85' lang='lat' dir='ltr'>est.</span> <span class='ocrx_word' id='word_1_116' title='bbox 447 2653 565 2716; x_wconf 81' lang='lat' dir='ltr'>Nostri</span> <span class='ocrx_word' id='word_1_117' title='bbox 594 2649 672 2722; x_wconf 89' lang='lat' dir='ltr'>illos</span> <span class='ocrx_word' id='word_1_118' title='bbox 694 2649 894 2739; x_wconf 76' lang='lat' dir='ltr'>expellunt3</span> <span class='ocrx_word' id='word_1_119' title='bbox 930 2651 1151 2739; x_wconf 74' lang='lat' dir='ltr'>Peripatetici</span> 
     </span>
     <span class='ocr_line' id='line_1_19' title="bbox 101 2761 1277 2854; baseline -0.001 -23"><span class='ocrx_word' id='word_1_120' title='bbox 101 2781 320 2854; x_wconf 78' lang='lat' dir='ltr'>temperant.</span> <span class='ocrx_word' id='word_1_121' title='bbox 378 2761 449 2848; x_wconf 82' lang='lat' dir='ltr'>Ego</span> <span class='ocrx_word' id='word_1_122' title='bbox 471 2785 541 2830; x_wconf 88' lang='lat' dir='ltr'>nou</span> <span class='ocrx_word' id='word_1_123' title='bbox 563 2763 683 2847; x_wconf 83' lang='lat' dir='ltr'>video,</span> <span class='ocrx_word' id='word_1_124' title='bbox 716 2764 887 2854; x_wconf 86' lang='lat' dir='ltr'>quomodo</span> <span class='ocrx_word' id='word_1_125' title='bbox 906 2763 1050 2832; x_wconf 83' lang='lat' dir='ltr'>salubris</span> <span class='ocrx_word' id='word_1_126' title='bbox 1074 2789 1146 2832; x_wconf 87' lang='lat' dir='ltr'>esse</span> <span class='ocrx_word' id='word_1_127' title='bbox 1273 2817 1277 2824; x_wconf 91' lang='lat'>.</span> 
     </span>
     <span class='ocr_line' id='line_1_20' title="bbox 98 2874 1145 2964; baseline -0.004 -15"><span class='ocrx_word' id='word_1_128' title='bbox 98 2897 165 2949; x_wconf 83' lang='lat' dir='ltr'>aet</span> <span class='ocrx_word' id='word_1_129' title='bbox 200 2874 300 2945; x_wconf 90' lang='lat' dir='ltr'>utilis</span> <span class='ocrx_word' id='word_1_130' title='bbox 323 2875 431 2964; x_wconf 83' lang='lat' dir='ltr'>possit</span> <span class='ocrx_word' id='word_1_131' title='bbox 457 2875 526 2942; x_wconf 88' lang='lat' dir='ltr'>ulla</span> <span class='ocrx_word' id='word_1_132' title='bbox 549 2875 767 2943; x_wconf 88' lang='lat' dir='ltr'>mediocritas</span> <span class='ocrx_word' id='word_1_133' title='bbox 793 2878 927 2952; x_wconf 85' lang='lat' dir='ltr'>morbi.¹</span> <span class='ocrx_word' id='word_1_134' title='bbox 954 2914 998 2930; x_wconf 90' lang='grc'>-</span> <span class='ocrx_word' id='word_1_135' title='bbox 1024 2880 1145 2945; x_wconf 88' lang='lat' dir='ltr'>Imbe-</span> 
     </span>
     <span class='ocr_line' id='line_1_21' title="bbox 100 2977 1146 3077; baseline -0.001 -16"><span class='ocrx_word' id='word_1_136' title='bbox 100 2994 194 3063; x_wconf 88' lang='lat' dir='ltr'>cillis</span> <span class='ocrx_word' id='word_1_137' title='bbox 223 3007 276 3058; x_wconf 87' lang='lat' dir='ltr'>cst</span> <span class='ocrx_word' id='word_1_138' title='bbox 294 2990 408 3077; x_wconf 87' lang='lat' dir='ltr'>primo</span> <span class='ocrx_word' id='word_1_139' title='bbox 430 2990 539 3056; x_wconf 85' lang='lat' dir='ltr'>omnis</span> <span class='ocrx_word' id='word_1_140' title='bbox 560 2989 718 3073; x_wconf 78' lang='lat' dir='ltr'>affectus,</span> <span class='ocrx_word' id='word_1_141' title='bbox 742 2989 867 3058; x_wconf 85' lang='lat' dir='ltr'>deinde</span> <span class='ocrx_word' id='word_1_142' title='bbox 886 3015 922 3059; x_wconf 87' lang='lat' dir='ltr'>se</span> <span class='ocrx_word' id='word_1_143' title='bbox 941 2977 1091 3060; x_wconf 83' lang='lat' dir='ltr'>concitat¹</span> <span class='ocrx_word' id='word_1_144' title='bbox 1109 3009 1146 3062; x_wconf 85' lang='lat' dir='ltr'>ct</span> 
     </span>
     <span class='ocr_line' id='line_1_22' title="bbox 100 3101 1144 3197; baseline -0.005 -18"><span class='ocrx_word' id='word_1_145' title='bbox 100 3111 216 3192; x_wconf 76' lang='lat' dir='ltr'>vires,</span> <span class='ocrx_word' id='word_1_146' title='bbox 234 3105 318 3170; x_wconf 89' lang='lat' dir='ltr'>dum</span> <span class='ocrx_word' id='word_1_147' title='bbox 334 3101 516 3192; x_wconf 86' lang='lat' dir='ltr'>procedit,</span> <span class='ocrx_word' id='word_1_148' title='bbox 533 3119 652 3192; x_wconf 68' lang='lat' dir='ltr'>parata</span> <span class='ocrx_word' id='word_1_149' title='bbox 671 3103 865 3172; x_wconf 84' lang='lat' dir='ltr'>excluditur</span> <span class='ocrx_word' id='word_1_150' title='bbox 875 3105 1024 3189; x_wconf 84' lang='lat' dir='ltr'>facilius,</span> <span class='ocrx_word' id='word_1_151' title='bbox 1040 3131 1144 3197; x_wconf 83' lang='lat' dir='ltr'>quam</span> 
     </span>
     <span class='ocr_line' id='line_1_23' title="bbox 102 3209 1145 3310; baseline -0.005 -19"><span class='ocrx_word' id='word_1_152' title='bbox 102 3221 306 3310; x_wconf 80' lang='lat' dir='ltr'>expellitur.</span> <span class='ocrx_word' id='word_1_153' title='bbox 320 3217 330 3250; x_wconf 83' lang='lat'>²</span> <span class='ocrx_word' id='word_1_154' title='bbox 335 3218 345 3246; x_wconf 89' lang='lat'>&#39;</span> <span class='ocrx_word' id='word_1_155' title='bbox 391 3217 440 3282; x_wconf 86' lang='lat' dir='ltr'>De</span> <span class='ocrx_word' id='word_1_156' title='bbox 459 3217 516 3282; x_wconf 84' lang='lat' dir='ltr'>Ira</span> <span class='ocrx_word' id='word_1_157' title='bbox 536 3216 600 3283; x_wconf 78' lang='lat' dir='ltr'>lib·</span> <span class='ocrx_word' id='word_1_158' title='bbox 615 3209 655 3285; x_wconf 72' lang='lat' dir='ltr'>It</span> <span class='ocrx_word' id='word_1_159' title='bbox 685 3218 877 3286; x_wconf 73' lang='lat' dir='ltr'>«Modicus</span> <span class='ocrx_word' id='word_1_160' title='bbox 898 3218 1035 3308; x_wconf 83' lang='lat' dir='ltr'>affectus</span> <span class='ocrx_word' id='word_1_161' title='bbox 1058 3219 1145 3286; x_wconf 80' lang='lat' dir='ltr'>nihil</span> 
     </span>
     <span class='ocr_line' id='line_1_24' title="bbox 104 3328 1143 3424; baseline -0.003 -23"><span class='ocrx_word' id='word_1_162' title='bbox 104 3334 290 3413; x_wconf 74' lang='lat' dir='ltr'>aliodem,</span> <span class='ocrx_word' id='word_1_163' title='bbox 315 3328 416 3424; x_wconf 87' lang='lat' dir='ltr'>quum</span> <span class='ocrx_word' id='word_1_164' title='bbox 441 3330 569 3398; x_wconf 86' lang='lat' dir='ltr'>malum</span> <span class='ocrx_word' id='word_1_165' title='bbox 589 3329 808 3400; x_wconf 84' lang='lat' dir='ltr'>modicum.&#39;’</span> <span class='ocrx_word' id='word_1_166' title='bbox 853 3332 985 3397; x_wconf 86' lang='lat' dir='ltr'>Auctor</span> <span class='ocrx_word' id='word_1_167' title='bbox 1007 3349 1143 3399; x_wconf 81' lang='lat' dir='ltr'>nostrae</span> 
     </span>
     <span class='ocr_line' id='line_1_25' title="bbox 104 3427 1168 3543; baseline -0.008 -24"><span class='ocrx_word' id='word_1_168' title='bbox 104 3447 275 3542; x_wconf 77' lang='lat' dir='ltr'>epistolae</span> <span class='ocrx_word' id='word_1_169' title='bbox 295 3427 376 3515; x_wconf 87' lang='lat' dir='ltr'>voce</span> <span class='ocrx_word' id='word_1_170' title='bbox 394 3451 606 3532; x_wconf 70' lang='grc' dir='ltr'>μετριοπαθεῖν</span> <span class='ocrx_word' id='word_1_171' title='bbox 625 3464 722 3512; x_wconf 86' lang='lat' dir='ltr'>utens</span> <span class='ocrx_word' id='word_1_172' title='bbox 742 3469 813 3510; x_wconf 89' lang='lat' dir='ltr'>non</span> <span class='ocrx_word' id='word_1_173' title='bbox 829 3443 984 3529; x_wconf 86' lang='lat' dir='ltr'>ejusdem</span> <span class='ocrx_word' id='word_1_174' title='bbox 996 3463 1140 3540; x_wconf 86' lang='lat' dir='ltr'>senten·</span> <span class='ocrx_word' id='word_1_175' title='bbox 1165 3534 1168 3543; x_wconf 21' lang='grc' dir='ltr'>ι</span> 
     </span>
     <span class='ocr_line' id='line_1_26' title="bbox 106 3558 1140 3650; baseline -0.002 -20"><span class='ocrx_word' id='word_1_176' title='bbox 106 3568 175 3632; x_wconf 86' lang='lat' dir='ltr'>tiae</span> <span class='ocrx_word' id='word_1_177' title='bbox 196 3587 275 3632; x_wconf 84' lang='lat' dir='ltr'>cum</span> <span class='ocrx_word' id='word_1_178' title='bbox 298 3565 423 3632; x_wconf 86' lang='lat' dir='ltr'>Seneca</span> <span class='ocrx_word' id='word_1_179' title='bbox 446 3579 516 3646; x_wconf 85' lang='lat' dir='ltr'>est,</span> <span class='ocrx_word' id='word_1_180' title='bbox 540 3584 604 3626; x_wconf 86' lang='lat' dir='ltr'>nec</span> <span class='ocrx_word' id='word_1_181' title='bbox 623 3585 697 3627; x_wconf 87' lang='lat' dir='ltr'>esse</span> <span class='ocrx_word' id='word_1_182' title='bbox 715 3558 845 3650; x_wconf 82' lang='lat' dir='ltr'>potuit,</span> <span class='ocrx_word' id='word_1_183' title='bbox 870 3559 999 3646; x_wconf 84' lang='lat' dir='ltr'>quippe</span> <span class='ocrx_word' id='word_1_184' title='bbox 1020 3560 1140 3628; x_wconf 85' lang='lat' dir='ltr'>doctor</span> 
     </span>
     <span class='ocr_line' id='line_1_27' title="bbox 105 3670 1169 3766; baseline -0.008 -19"><span class='ocrx_word' id='word_1_185' title='bbox 105 3677 295 3765; x_wconf 76' lang='lat' dir='ltr'>Religionis</span> <span class='ocrx_word' id='word_1_186' title='bbox 308 3675 536 3759; x_wconf 69' lang='lat' dir='ltr'>Christianae,</span> <span class='ocrx_word' id='word_1_187' title='bbox 553 3700 637 3766; x_wconf 86' lang='lat' dir='ltr'>quac</span> <span class='ocrx_word' id='word_1_188' title='bbox 650 3699 720 3742; x_wconf 89' lang='lat' dir='ltr'>nou</span> <span class='ocrx_word' id='word_1_189' title='bbox 733 3670 932 3738; x_wconf 76' lang='lat' dir='ltr'>vacuitatem</span> <span class='ocrx_word' id='word_1_190' title='bbox 942 3671 1139 3760; x_wconf 79' lang='lat' dir='ltr'>effectuum,</span> <span class='ocrx_word' id='word_1_191' title='bbox 1162 3715 1169 3730; x_wconf 85' lang='grc'><strong>.</strong></span> 
     </span>
     <span class='ocr_line' id='line_1_28' title="bbox 109 3783 1166 3886; baseline -0.003 -28"><span class='ocrx_word' id='word_1_192' title='bbox 109 3791 168 3858; x_wconf 89' lang='lat' dir='ltr'>sed</span> <span class='ocrx_word' id='word_1_193' title='bbox 186 3789 449 3857; x_wconf 81' lang='lat' dir='ltr'>moderationem</span> <span class='ocrx_word' id='word_1_194' title='bbox 472 3791 513 3854; x_wconf 87' lang='lat' dir='ltr'>ab</span> <span class='ocrx_word' id='word_1_195' title='bbox 531 3789 663 3858; x_wconf 84' lang='lat' dir='ltr'>asseclis</span> <span class='ocrx_word' id='word_1_196' title='bbox 687 3783 848 3876; x_wconf 86' lang='lat' dir='ltr'>postulat.</span> <span class='ocrx_word' id='word_1_197' title='bbox 893 3787 969 3872; x_wconf 88' lang='lat' dir='ltr'>lpse</span> <span class='ocrx_word' id='word_1_198' title='bbox 988 3787 1139 3876; x_wconf 82' lang='lat' dir='ltr'>Seneca‘,</span> <span class='ocrx_word' id='word_1_199' title='bbox 1158 3795 1166 3886; x_wconf 47' lang='lat' dir='ltr'><strong>J</strong></span> 
     </span>
     <span class='ocr_line' id='line_1_29' title="bbox 109 3885 1141 3995; baseline -0.001 -25"><span class='ocrx_word' id='word_1_200' title='bbox 109 3906 146 3984; x_wconf 80' lang='lat' dir='ltr'>iu</span> <span class='ocrx_word' id='word_1_201' title='bbox 165 3885 317 3985; x_wconf 84' lang='lat' dir='ltr'>alioloco</span> <span class='ocrx_word' id='word_1_202' title='bbox 329 3901 391 3969; x_wconf 90' lang='lat' dir='ltr'>sibi</span> <span class='ocrx_word' id='word_1_203' title='bbox 402 3903 472 3995; x_wconf 87' lang='lat' dir='ltr'>ipse</span> <span class='ocrx_word' id='word_1_204' title='bbox 487 3905 694 3986; x_wconf 81' lang='lat' dir='ltr'>contrarius,</span> <span class='ocrx_word' id='word_1_205' title='bbox 707 3899 793 3966; x_wconf 85' lang='lat' dir='ltr'>dicit</span> <span class='ocrx_word' id='word_1_206' title='bbox 813 3897 927 3987; x_wconf 69' lang='lat' dir='ltr'>Epist,</span> <span class='ocrx_word' id='word_1_207' title='bbox 938 3901 1016 3968; x_wconf 82' lang='lat'><strong>104:</strong></span> <span class='ocrx_word' id='word_1_208' title='bbox 1041 3933 1059 3974; x_wconf 79' lang='grc' dir='ltr'>(ι</span> <span class='ocrx_word' id='word_1_209' title='bbox 1076 3905 1141 3990; x_wconf 84' lang='lat' dir='ltr'>Iu·</span> 
     </span>
    </p>

    <p class='ocr_par' dir='ltr' id='par_1_5' title="bbox 111 4013 1137 4239">
     <span class='ocr_line' id='line_1_30' title="bbox 111 4013 808 4101; baseline -0.007 -19"><span class='ocrx_word' id='word_1_210' title='bbox 111 4015 319 4101; x_wconf 82' lang='lat' dir='ltr'>dulgcndum</span> <span class='ocrx_word' id='word_1_211' title='bbox 343 4033 393 4083; x_wconf 89' lang='lat' dir='ltr'>est</span> <span class='ocrx_word' id='word_1_212' title='bbox 415 4017 562 4086; x_wconf 81' lang='lat' dir='ltr'>honestis</span> <span class='ocrx_word' id='word_1_213' title='bbox 587 4013 808 4084; x_wconf 77' lang='lat' dir='ltr'>affectibus.’&#39;</span> 
     </span>
     <span class='ocr_line' id='line_1_31' title="bbox 144 4125 1137 4239; baseline 0 -39"><span class='ocrx_word' id='word_1_214' title='bbox 144 4127 205 4200; x_wconf 50' lang='lat' dir='ltr'>&#39;Ex</span> <span class='ocrx_word' id='word_1_215' title='bbox 228 4133 292 4202; x_wconf 90' lang='lat' dir='ltr'>hoc</span> <span class='ocrx_word' id='word_1_216' title='bbox 306 4155 368 4199; x_wconf 90' lang='lat' dir='ltr'>usu</span> <span class='ocrx_word' id='word_1_217' title='bbox 387 4132 702 4239; x_wconf 75' lang='grc' dir='ltr'><strong><em>νοοίεμετρεοπρεθεῖν</em></strong></span> <span class='ocrx_word' id='word_1_218' title='bbox 715 4130 752 4195; x_wconf 92' lang='lat' dir='ltr'>in</span> <span class='ocrx_word' id='word_1_219' title='bbox 767 4125 890 4194; x_wconf 90' lang='lat' dir='ltr'>scholis</span> <span class='ocrx_word' id='word_1_220' title='bbox 916 4125 1137 4221; x_wconf 84' lang='lat' dir='ltr'>philosophi·</span> 
     </span>
    </p>
   </div>
   <div class='ocr_carea' id='block_1_5' title="bbox 0 0 1445 4784">
    <p class='ocr_par' dir='ltr' id='par_1_6' title="bbox 0 0 1445 4784">
     <span class='ocr_line' id='line_1_32' title="bbox 0 0 1445 4784; baseline 0 0"><span class='ocrx_word' id='word_1_221' title='bbox 0 0 1445 4784; x_wconf 95' lang='lat' dir='ltr'> </span> 
     </span>
    </p>
   </div>
  </div>
 </body>
</html>
