2866 4780
624 326 637 412 (
681 325 725 394 64
766 327 785 416 l

180 517 300 604 psius
322 508 485 618 :eperat
505 507 619 578 Stoio.
641 512 695 594 11,
718 532 758 578 sa
783 509 895 598 (16)-;
919 531 1124 601 quanquam
1147 535 1220 578 non

181 627 398 713 negaverim,
430 638 601 692 auctorem
630 623 791 715 epistolae
817 640 971 708 nostrae,
1005 624 1089 691 dum
1111 627 1220 692 Deum

181 743 296 832 ignem
320 716 575 814 consumentem
596 758 713 818 vocat,
736 737 780 807 ad
808 741 950 808 Denter.
973 739 1081 819 1x‚5
1104 739 1231 830 reapi·‚

183 878 261 950 cere
275 855 425 944 potuisse
449 894 503 922 -.
546 857 600 924 Ne
619 878 743 944 cogar,
768 874 967 944 quaenunt
985 853 1147 946 exposui,
1170 847 1226 920 iu-

183 970 238 1036 fra
262 986 445 1062 repetere,
468 968 791 1058 interpretationem
813 968 879 1035 loci
901 968 1011 1048 V1,5
1033 969 1076 1038 ob
1102 989 1225 1054 cogna-

184 1100 259 1150 tum
287 1101 523 1172 argumentum
548 1083 607 1151 bic
628 1085 828 1172 adjungam.
881 1085 1038 1168 Δυνάμεις
1058 1085 1227 1166 μέλλοντος

186 1203 312 1276 αἰῶνος,
346 1222 434 1298 quae
457 1198 524 1278 boc
547 1197 623 1268 loco
644 1214 971 1278 commemorantur,
1000 1214 1085 1264 vsunit
1107 1195 1225 1276 idem,

186 1310 282 1406 quod
301 1315 446 1398 δυνάμεις
466 1317 641 1398 οἰκουμένης
660 1317 861 1400 μελλούσης,
880 1309 918 1380 id
938 1327 1013 1394 est,
1035 1311 1177 1379 virtutes
1191 1325 1233 1376 et

184 1409 439 1523 praerogativae
460 1425 585 1496 mundi
615 1429 780 1498 melioris.
800 1428 882 1497 olim
913 1453 933 1494 a
957 1430 1030 1499 Deo
1052 1423 1228 1492 condendi

187 1557 222 1604 et
243 1541 330 1607 vitae
351 1540 394 1606 ab
417 1541 580 1610 omnibus
601 1541 775 1609 aerumnis
801 1558 837 1610 et
860 1540 1039 1610 doloribus
1069 1536 1229 1606 immunis

187 1670 223 1744 et
247 1653 340 1720 omni
361 1647 533 1722 felicitatis
552 1679 678 1742 genere
700 1655 875 1724 affluentis
898 1655 951 1724 ibi
974 1649 1232 1740 transigendae.

186 1769 362 1850 Γεὺοοοοθοοι
383 1768 457 1850 bas,
471 1771 615 1856 δοιοὶμεος
642 1769 817 1854 delibare,
852 1770 968 1840 enimc
993 1768 1234 1863 praesentire,

188 1863 363 1972 sperando
384 1905 567 1974 occupare.
610 1881 850 1973 bengeliut
871 1885 910 1954 in
933 1885 1112 1966 Gnomone
1128 1881 1171 1949 N.
1183 1882 1232 1950 T.

190 1988 235 2060 ed
255 2017 372 2062 vocem
392 2000 536 2088 Surdum
559 2012 718 2067 annotate
743 1995 911 2096 «plurale
940 1995 1084 2084 grande.
1119 1993 1235 2082 Sapi-'

140 2097 147 2110 ’
192 2105 349 2174 dissimac
382 2134 507 2201 nempe
535 2126 620 2186 sunt¹
647 2108 1060 2201 praerogativae.futurae
1088 2103 1234 2178 civitatis

193 2218 364 2304 coelestis,
387 2247 471 2316 quas
494 2224 555 2312 qui
573 2223 676 2292 semel
699 2224 872 2316 sperando
891 2224 1100 2316 degustavit,
1124 2223 1153 2292 ia
1174 2223 1234 2290 rix

192 2341 390 2418 οἶοιοοτοσιός
411 2359 517 2428 capax
539 2335 625 2414 erit,
657 2353 693 2406 et
717 2340 747 2406 ei
772 2339 996 2410 nibilominus
1020 2356 1134 2408 tamen
1158 2337 1239 2405 cri·

192 2474 273 2517 men
296 2450 363 2518 boc
384 2446 560 2537 admittit,
588 2455 647 2522 rix
665 2476 705 2522 ec
729 2479 773 2524 ne
799 2455 857 2525 rix
876 2453 1020 2548 quidem
1041 2453 1233 2538 (οὲδύοοιιοι)

194 2563 239 2633 ed
262 2563 438 2634 meliorem
462 2565 595 2654 frugem
613 2585 822 2658 revertetur,
852 2570 957 2640 etita
979 2548 1151 2660 jucturam
1167 2590 1235 2638 ae-.

194 2695 311 2746 ternae
333 2676 504 2759 felicitatis
525 2682 563 2748 in
585 2681 686 2750 coelis
708 2681 859 2755 faciet.”

238 2793 366 2860 Notum
384 2790 459 2878 est,
480 2797 625 2881 δυνάμεις
643 2799 813 2882 μέλλοντος
832 2801 937 2878 alitor
953 2797 1055 2887 mulge
1070 2793 1239 2888 explicari

196 2907 242 2976 de
270 2907 369 2976 donis
391 2897 601 2976 miraculosis
619 2925 774 3002 tempore
795 2915 893 2998 regni
916 2912 1079 2980 Messiani
1101 2908 1239 2980 asseclis

197 3024 272 3108 ejus
300 3021 481 3100 exhibitis,
510 3017 565 3090 vel
594 3020 696 3092 etiam
732 3023 776 3092 de
804 3024 936 3096 viribus
959 3028 1056 3114 regni
1079 3022 1245 3096 Messiani.

102 3137 104 3140 ⁵
196 3143 280 3254 bibl]
301 3105 511 3252 Cillis
468 3152 519 3204 ιιι
540 3152 578 3206 ut
604 3153 740 3256 gustare
759 3139 849 3208 vires
873 3141 974 3227 regui
992 3139 1155 3210 Messiani
1171 3140 1238 3207 aits

200 3279 378 3370 experiri,
408 3277 494 3370 quid
526 3279 647 3367 religio
680 3279 878 3350 Christieos
910 3284 1031 3374 possit
1081 3282 1152 3352 Sed
1183 3279 1244 3350 bic

197 3392 301 3460 etlam
326 3392 535 3458 recentiores
561 3392 767 3483 interpretes
792 3395 991 3464 Rabbinico
1010 3395 1166 3484 dogmati
1193 3395 1244 3462 de

198 3501 332 3576 mundo
360 3502 427 3569 boc
449 3517 484 3570 et
498 3501 645 3581 ‚futuros
667 3504 721 3574 vel
748 3504 792 3573 de
815 3525 969 3599 tempore
996 3525 1075 3576 ente
1094 3511 1142 3574 'et
1164 3522 1248 3596 post

199 3617 358 3686 Messium
375 3628 514 3693 natum,
531 3615 675 3684 nimium
694 3619 854 3686 tribuisse
870 3615 1044 3694 videntur,
1065 3617 1145 3686 Non
1159 3617 1249 3683 satis

236 3922 308 4024 (Ηῑῧ)
325 3921 408 4004 Βῑοε·
425 3925 513 3980 Latet
530 3878 614 3998 Vlll,
632 3931 688 3990 138.
729 3932 801 3988 Deus
817 3912 913 3987 Stoicis
935 3940 975 3988 ett
996 3930 1070 4060 ignee
1086 3893 1180 3986 namra
1202 3923 1246 3983 rel

200 4009 269 4079 ignis
287 4012 341 4080 ipse
359 4021 383 4066 et
401 4011 503 4071 aether.
666 4027 669 4034 ’
