2810 4784
614 383 793 490 (ns)
938 471 945 488 .

189 601 289 658 esset.
334 573 457 652 insunt
480 585 570 653 enim
596 587 637 650 iis
666 583 843 675 complura
868 579 1009 663 similia,
1033 603 1109 663 res,
1132 583 1243 650 ima·-

187 703 303 792 gnn,
338 701 542 768 anenno
581 685 687 768 'anm
725 699 866 792 quum
907 683 1119 764 „nemun
1150 707 1245 764 sm
1373 686 1376 703 ·

185 815 346 899 ridetur,
379 813 535 882 libellum
563 816 607 880 de
636 814 855 882 Providentia
887 811 1094 878 serius'ease
1130 811 1240 876 acri-

181 925 299 1022 pt'um,
326 943 402 1020 poet
422 926 476 995 vel
499 943 578 995 ante
602 926 788 1018 Epistolam
808 929 863 1018 98.
907 924 945 994 Si
965 923 1057 992 enim
1080 925 1240 1013 Episto-

181 1041 252 1110 larn
279 1042 370 1110 hanc
401 1063 478 1112 cum
510 1039 602 1108 libro
635 1041 680 1110 de
704 1041 923 1110 Providentia
957 1061 1233 1128 comparamus;

125 1231 128 1236 ,
180 1173 311 1225 tautam
348 1153 463 1249 quoad
491 1171 750 1244 argumentum,
779 1151 963 1222 tractandi
1001 1151 1238 1233 methodum,

178 1271 368 1359 imagines,
389 1269 574 1339 sententias
600 1268 873 1337 convenientiam
903 1261 1231 1354 deprehendimus,

93 1435 97 1442 .
179 1401 219 1451 ut
239 1382 408 1453 credibile
432 1383 513 1466 fiat,
536 1384 580 1452 ah
599 1383 664 1451 hac
691 1383 905 1472 potissimum
923 1379 1065 1471 epistola
1092 1403 1233 1448 neen-

178 1514 250 1568 tem
280 1496 448 1566 Senecam
470 1497 647 1590 scripsisse
663 1497 792 1566 librum
809 1491 1101 1564 dePrcrideutia.
1133 1493 1230 1562 cum

178 1623 262 1683 vero
282 1611 457 1704 Epistulae
479 1611 628 1682 Senecae
648 1609 891 1710 chronologico
916 1605 1040 1677 ordine
1062 1633 1097 1678 se
1122 1611 1225 1678 invi·

181 1749 255 1797 cem
279 1726 488 1811 exhibeant,
511 1728 670 1818 quoniam
692 1727 727 1792 in
748 1722 994 1821 posterioribus
1020 1723 1063 1790 ad
1086 1727 1226 1816 priores

179 1858 408 1935 provocatura
433 1863 510 1908 eum
533 1863 639 1928 porro
654 1841 692 1908 in
715 1837 867 1930 Epistola
889 1837 929 1906 81
954 1840 1083 1906 mentio
1103 1839 1221 1908 libro-

178 1979 260 2023 eum
285 1955 330 2024 de
354 1953 535 2023 beneficiis
565 1951 656 2021 iacta
677 1955 746 2038 site
782 1973 860 2022 cum
887 1951 1039 2040 denique
1067 1953 1151 2021 libri
1174 1957 1219 2024 de

179 2066 362 2136 Beneficiis
400 2069 471 2153 jam
508 2067 714 2152 frigescente
756 2065 904 2134 Neronis
939 2045 1016 2154 erga
1055 2065 1211 2137 Senecam

179 2179 310 2268 gratia,
331 2176 369 2244 id
394 2196 447 2247 est
470 2195 539 2244 tres
561 2178 634 2244 fere
656 2201 762 2245 anuos
791 2195 870 2247 ente
898 2199 1042 2252 mortem
1068 2183 1220 2252 Senecae

182 2292 361 2386 compositi
375 2294 466 2377 sinte
491 2291 571 2381 (cir.
593 2287 814 2384 Ruhlopf
829 2293 939 2362 Praei.
963 2297 1078 2367 T.1v.
1100 2321 1135 2386 p·
1149 2301 1220 2387 ιι.)

179 2405 462 2483 verisimillimum
490 2424 564 2491 est,
585 2403 714 2476 librum
745 2407 791 2477 de
813 2408 1033 2478 Providentia
1063 2415 1220 2480 extremis

180 2526 268 2598 ritae
290 2524 388 2592 aunis
409 2523 453 2589 ah
475 2537 614 2590 auctore
638 2524 809 2614 scriptum
828 2545 911 2592 csse.
1143 2597 1145 2604 y

189 2645 216 2708 :'
238 2635 443 2726 Ad'Caput
462 2637 507 2703 ll.
551 2637 660 2705 Nauta
692 2636 778 2705 baec
803 2653 944 2706 annotat
973 2663 1009 2735 p·
1032 2645 1100 2712 252
1144 2643 1221 2714 asi

179 2755 271 2824 sorte
297 2748 431 2819 libellus
458 2750 517 2818 hic
547 2753 586 2817 iu
607 2773 726 2819 eorum
758 2773 878 2820 manus
905 2755 1060 2835 venerit,
1095 2746 1227 2848 quibus

181 2887 295 2936 sacrae
315 2881 450 2929 nostrae
472 2861 605 2930 litterae
630 2889 753 2953 parum
775 2867 929 2954 cognitae
952 2868 1039 2948 siut.
1063 2872 1108 2939 oh
1123 2896 1225 2940 eaur-
1299 2878 1301 2880 ’

184 3003 251 3076 que
284 2998 417 3044 causam
451 2977 550 3066 parvi
579 2977 801 3046 aestimentur
813 3007 827 3061 a·
856 2981 1131 3054 animadvertant
1158 2987 1224 3072 hi,

184 3108 351 3186 quantum
385 3088 422 3156 in
447 3113 568 3177 magna
599 3115 678 3160 cum
706 3093 773 3160 hoc
803 3093 952 3164 Senecae
981 3096 1060 3165 loco
1090 3121 1226 3168 couve-

181 3207 337 3284 nientia‚
359 3204 391 3273 vi
425 3219 536 3270 tamen
568 3220 603 3272 ct
631 3208 795 3294 gravitate
826 3207 1013 3300 praecellat
1041 3211 1100 3282 ille
1126 3214 1226 3282 locus

182 3322 296 3412 Epist.
326 3319 370 3387 ad
401 3316 510 3386 Hebe.
530 3315 619 3405 Xll,
641 3325 721 3390 5·-
735 3325 814 3394 ao.”

237 3435 294 3503 Ad
330 3434 436 3504 verba
470 3431 619 3500 Senecae
654 3439 739 3530 Cap·
762 3439 816 3509 Vs
862 3443 921 3510 At
952 3440 1119 3532 iniquum
1147 3458 1226 3534 eet,

186 3551 315 3618 honum
337 3549 458 3614 virum
480 3547 670 3615 debilitari
703 3564 774 3618 cut
802 3554 941 3643 configi
960 3569 1030 3624 cut
1060 3559 1225 3648 calligoni

186 3677 329 3730 annotat
358 3661 468 3726 Nauta
504 3681 541 3748 p.
559 3663 623 3729 Sta
668 3661 868 3751 «conligi,
896 3665 933 3732 iu
964 3690 1065 3736 cruce
1098 3673 1227 3758 clavis,

186 3767 227 3841 n'a
254 3771 391 3861 Lipsius
416 3770 587 3863 explicat,
611 3774 781 3866 probante
804 3777 1039 3874 liuhlcpiioss’.
1089 3782 1161 3852 ,sed
1187 3784 1227 3852 in

186 3888 408 3956 annotatione
441 3884 629 3974 prolixiore
662 3910 699 3975 p.
728 3912 781 3974 7⁰·
818 3891 902 3958 haec
932 3895 1060 3965 habete
1094 3899 1224 3968 «Cre.

189 4002 248 4068 do-
274 4001 438 4070 &nocam
468 4001 504 4065 iu
539 4001 650 4067 tribue
685 4001 779 4070 hisce
816 4007 952 4075 vocibus
991 4009 1034 4077 de
1070 4011 1257 4102 proclin-
