2858 4784
656 353 844 470 (ιιι)

231 575 352 630 auctor.
372 573 486 632 noster
505 561 594 632 sicut
612 561 743 632 Seneca
757 559 864 638 libros
883 563 1095 652 Stoicorum,
1118 587 1273 658 quorun

232 691 306 742 tum
324 679 486 768 temporis
504 701 625 766 magna
647 679 744 772 copia
761 680 896 766 extitit,
921 679 1052 770 legere,
1066 678 1119 746 vel
1142 680 1275 750 scholis

232 788 430 860 Stoicorum
445 807 481 858 et
498 789 793 862 dissertationibus
813 813 848 862 et
868 793 1154 885 praelectionibus
1174 796 1210 863 in
1227 795 1277 863 iis

236 901 316 970 fieri
337 902 446 974 solitis
474 903 661 992 interesse,
686 924 722 978 et
740 907 788 976 ita
805 907 1070 976 familiaritatem
1099 908 1280 1004 quandam

233 1038 314 1088 cum
342 1019 537 1087 Stoicorum
561 1020 656 1090 scitis
677 1036 713 1092 et
733 1021 882 1093 decretis
905 1046 1064 1099 necnon
1088 1046 1167 1091 cum
1192 1045 1275 1092 rer·

230 1128 285 1196 bis
306 1129 413 1199 Stoici
429 1131 499 1200 albi
522 1133 673 1222 (Seneca
695 1137 807 1228 Epist.
827 1137 893 1230 59)
916 1136 983 1206 sibi
1002 1135 1217 1206 contrahere.

273 1246 352 1314 Jam
376 1248 407 1313 si
429 1248 495 1314 hoc
513 1270 700 1342 sumamus,
727 1250 861 1344 aliquid
883 1273 950 1346 pro
969 1250 1113 1320 Paulina
1135 1267 1276 1324 nostru

232 1358 396 1450 epistolae
416 1361 546 1450 origine
570 1363 659 1430 effici
681 1365 891 1434 contendere
911 1387 1104 1459 possumus.
1413 1437 1414 1448 p

195 1488 198 1496 ⁴
276 1475 387 1544 Nemo
411 1475 505 1542 enim
529 1477 622 1544 inter
642 1501 759 1549 omnes
780 1479 975 1571 primitivae
996 1477 1273 1550 Christianorum

233 1587 395 1658 ccclesiae
410 1587 589 1670 doctores,
602 1590 669 1658 nisi
687 1591 810 1660 Paulus
819 1640 832 1674 ‚
849 1593 1007 1662 notitiam
1021 1590 1168 1683 aliquam
1184 1592 1277 1660 Stoi·
1413 1597 1414 1606 ’

233 1729 293 1792 cac
316 1703 554 1800 philosophiae
579 1708 648 1776 sibi
669 1706 896 1798 comparendi
912 1706 1125 1776 occasionem
1139 1704 1275 1792 habuit.

281 1821 373 1890 Nam
402 1821 504 1888 Tarsi
535 1837 635 1890 natus
661 1839 697 1889 ct
725 1842 833 1914 usqne
865 1818 909 1890 ad
931 1817 1143 1902 {adultiosem
1174 1837 1274 1888 aeta-

235 1946 306 2000 tem
333 1933 498 2003 educatus
518 1950 594 2017 cst,
627 1936 733 2017 etita
763 1932 925 2023 quidem,
960 1951 998 2000 ut
1025 1934 1133 2006 literis
1161 1932 1292 2002 addi--

232 2044 371 2138 scandis
397 2071 537 2142 operam
558 2065 699 2118 navaret
717 2065 753 2120 et
774 2046 962 2142 aliquando
987 2046 1108 2118 doctor
1133 2047 1273 2135 religio·

233 2159 288 2252 nia
317 2160 481 2230 iudaicae
510 2139 685 2231 evaderet.
739 2161 867 2230 Tarsus
896 2184 977 2233 vcro
1008 2178 1080 2230 tum
1111 2162 1274 2256 temporis

234 2276 321 2342 urbs
348 2275 414 2344 luit
435 2275 613 2346 literarum
641 2291 677 2344 et
695 2273 934 2368 philosophiae
959 2273 1084 2346 cultrix
1115 2275 1275 2346 celeber·

234 2392 335 2482 rima.
369 2391 495 2460 Strabo
511 2391 617 2462 Paulo
635 2389 708 2459 sere
730 2412 871 2470 coaevam
892 2391 930 2458 in
953 2389 1081 2479 Gcogr.
1099 2391 1177 2460 Lib.
1189 2408 1272 2460 xlv·

234 2531 312 2598 pag.
341 2503 649 2600 640.Bni1.1549
683 2503 768 2574 edit.
804 2505 864 2596 [p.
886 2527 971 2596 991,
992 2504 1037 2574 A.
1071 2506 1128 2574 ed.
1164 2507 1270 2573 Amst.

240 2622 353 2710 ¹707]
389 2619 474 2688 hacc
510 2619 637 2690 habeta
679 2623 828 2702 Τοσαύτη
866 2631 931 2700 σοῖο
966 2622 1071 2692 ἐνθάδε
1112 2623 1270 2706 ἀνθρώποις

235 2734 521 2822 (Tarsensibus)
552 2739 667 2816 σσοιιδη
704 2740 779 2822 πρὸς
817 2738 1029 2824 Φιλοσοφίαν,
1068 2735 1140 2808 trel'
1175 2738 1269 2822 ὑσορ-

235 2855 415 2938 βέβληοσαι
443 2850 497 2918 καὶ
525 2851 657 2928 'Alisca
688 2851 741 2918 xci
770 2847 884 2932 ’ξ’Λλε
845 2851 902 2932 ξαν
904 2854 1079 2936 δ-ρειαι
1087 2851 1269 2937 Διαφέ·

236 2992 279 3052 ρει
308 2969 339 3034 δὲ
364 2968 525 3042 σοσοῖισοι,
557 2958 605 3030 ὅτι
625 2964 759 3030 ἐνταῦθα
779 2965 838 3044 μὲν
872 2966 899 3034 oi
926 2968 1213 3051 Φιλομαθοῦισες’
1197 2989 1271 3036 aar·
1284 3001 1288 3008 ·

236 3083 340 3169 χῶοιοι
362 3079 480 3152 σάοι-ιο
506 3077 586 3146 sici·
607 3075 775 3157 ξέίοιῖ
744 3102 800 3146 ουκ
822 3079 1002 3160 ἐπιδημοῦσι
1028 3084 1148 3168 ῥαδίως.
1198 3079 1270 3146 Νο-

237 3194 348 3271 minat
384 3186 513 3258 deinde
549 3189 666 3280 plures
698 3186 847 3257 illustres
875 3191 1007 3260 Stoicae
1038 3189 1270 3280 philosophiae

241 3309 425 3388 doctores,
445 3302 537 3372 inter
559 3326 615 3370 ecs
641 3301 1000 3387 dquthenodoros,
1024 3326 1170 3398 quorum
1190 3303 1271 3372 alter

237 3420 274 3493 in
305 3444 427 3508 magna
454 3417 655 3484 auctoritate
685 3415 778 3506 apud
811 3416 1050 3509 imperatorem
1084 3419 1271 3506 Augustum¹

238 3536 329 3615 fuit,
360 3537 408 3602 ita
430 3548 469 3598 ut
488 3533 534 3599 ob
556 3532 629 3618 ejus
652 3531 934 3598 intercessionem
952 3531 1098 3597 Tarsum
1126 3533 1272 3616 vectiga-

98 3724 102 3736 ,
237 3649 328 3726 libus
348 3645 477 3718 levaret
499 3662 535 3714 ct
563 3643 747 3716 Claudium
764 3643 802 3710 in
825 3646 899 3738 ejus
921 3643 1184 3714 contubernium
1201 3663 1272 3712 tra·

238 3765 351 3834 deret.
385 3760 461 3829 etr.
484 3759 704 3829 brucleni
727 3760 856 3826 Instit.
870 3757 1168 3827 Hiatcr.PItilos.
1184 3757 1274 3826 Sect.

237 3879 327 3956 vlt,
352 3881 387 3964 §0
408 3897 439 3942 c.
484 3875 572 3942 Cum
590 3879 693 3964 igitur
714 3872 836 3942 Paulus
858 3871 958 3939 Tarsi
976 3887 1097 3954 natus,
1118 3887 1271 3964 utusque

106 4039 107 4048 ι
240 3991 285 4064 ad
302 3988 506 4058 adultioretn
525 4006 669 4057 aetatem
683 3989 721 4058 in
742 3990 855 4080 patria
872 3980 1272 4064 u1·beeducatus,literis

241 4103 458 4183 uddiscentlia
481 4125 622 4192 operam
639 4119 812 4176 natastctt
836 4102 912 4195 sine¹
931 4101 1037 4168 dubio
1057 4097 1159 4166 etiam
1177 4098 1269 4172 noti·
