2810 4784
661 401 850 488 (¹²⁰)

246 597 352 654 strum
379 579 443 650 sub
466 581 570 650 linem
592 583 797 672 captivitatis
824 579 1016 665 scribens,
1044 577 1170 672 quostl
1191 583 1309 673 stylum

245 715 280 767 et
296 697 437 788 phesses
450 695 633 764 nonnullus
646 713 680 764 et
690 695 819 764 nitendi
834 695 1031 780 iou-mulus,
1051 697 1241 784 φιλωνίζειν
1257 699 1305 764 ti·

243 810 394 884 deutur?
414 812 457 881 ln
475 807 626 905 epistolis
644 825 723 879 ente
741 811 977 905 eaptivitstem
993 811 1202 878 Romanam
1219 813 1302 878 seri-

240 923 314 1018 ptis
328 924 397 996 hoe
413 945 485 995 non
505 924 620 1022 potuit
639 921 738 1008 lieri,
759 923 853 1022 quosl
875 923 1009 994 Paulus
1028 921 1199 991 Philonis
1217 925 1299 990 scri·
1358 943 1359 1008 ι

236 1051 299 1130 pte
320 1037 376 1110 vel
394 1037 551 1110 nondum
575 1053 800 1130 cognoverat,
820 1035 899 1122 vel,
920 1040 951 1105 si
974 1053 1203 1126 cognoverat
1225 1039 1298 1128 (2),
1358 1027 1359 1034 ’

235 1153 381 1242 negotiis
403 1151 599 1246 spostolieis
628 1152 799 1220 distentus
827 1151 989 1220 lectitare
1016 1175 1098 1218 non
1129 1167 1295 1246 potuerat.

233 1265 342 1356 Quod
364 1270 488 1336 attinet
506 1267 551 1334 ed
568 1265 728 1359 epistolas
745 1266 838 1336 inter
860 1266 1110 1356 captivitatem
1135 1265 1293 1356 scriptus,

231 1401 360 1470 perum
384 1379 581 1449 Philonieni
599 1383 638 1448 in
659 1381 701 1449 iis
725 1382 927 1476 reperitur,
947 1379 1007 1451 vel
1029 1379 1082 1447 ob
1105 1377 1292 1465 argumenti

230 1493 402 1564 rationem
420 1510 556 1562 nostrae
571 1491 734 1584 epistolae
747 1495 853 1592 plene
867 1492 1106 1578 dissimilem,
1130 1492 1184 1564 vel
1203 1494 1285 1586 quod

233 1621 354 1676 suetor
372 1623 465 1691 tum,
485 1631 564 1676 eum
577 1608 831 1695 eessenlteret,
852 1607 1004 1677 lectione
1023 1607 1193 1676 Philonis
1203 1611 1282 1676 scri·

232 1738 374 1812 ptorum
383 1721 541 1790 nondum
557 1724 637 1790 satis
646 1725 797 1791 imbutus
806 1739 890 1790 erut.
912 1713 1013 1790 Bene
1029 1739 1161 1792 monet
1180 1724 1231 1790 Βό
1242 1725 1277 1790 lu·

232 1857 298 1903 me
319 1833 431 1902 Preef.
443 1851 492 1904 xe
521 1865 540 1908 e
558 1835 832 1906 Alexandrinum
850 1835 982 1929 aliquid
995 1839 1039 1904 in
1052 1861 1188 1924 genere
1201 1841 1271 1905 smi-

231 1945 343 2014 uendi
354 1945 618 2036 deprehendere
638 1951 705 2016 eibi
727 1951 789 2018 visi
812 1968 893 2017 sunt
911 1953 1137 2040 interpretes
1156 1953 1192 2018 in
1206 1952 1264 2043 epi·

231 2059 320 2130 stols
341 2059 385 2129 ed
406 2060 595 2129 Hebraeos.
639 2063 704 2130 Cui
726 2067 915 2132 sententiae
940 2079 979 2132 ut
1000 2063 1163 2132 nolimus
1178 2087 1256 2152 repu-

231 2195 360 2262 gnare,
392 2171 515 2242 saltem
546 2198 621 2244 esm
649 2199 720 2244 non
759 2193 894 2244 tentum
927 2177 1045 2246 velere
1085 2202 1263 2258 censemus,
1351 2255 1359 2271 Γ

234 2303 405 2380 quantum
424 2313 444 2355 e
465 2287 641 2357 nonnullis
658 2305 815 2383 putatum
830 2289 1165 2375 animadvertimus,
1185 2307 1217 2356 ut
1232 2288 1265 2354 de
1349 2288 1351 2303 '

231 2401 347 2492 putria
369 2401 425 2473 vel
441 2407 590 2474 suetorie
611 2405 666 2476 vel
685 2405 855 2475 lectorum
873 2422 968 2474 certo
984 2405 1078 2474 inde
1100 2405 1203 2499 possis
1215 2405 1267 2488 ju·

234 2514 364 2586 dicere·
414 2519 536 2609 Neque
562 2541 645 2589 tero
675 2537 831 2589 nostrum
857 2520 971 2610 ipsum
1001 2543 1046 2586 ex
1072 2513 1268 2589 Alexandria

232 2629 420 2697 oriundum
431 2653 522 2714 esse,
534 2650 720 2724 propterea
730 2657 870 2702 censere
881 2635 1053 2720 cogimur,
1067 2631 1164 2724 quod
1178 2626 1267 2697 multu

231 2742 339 2811 hehet
359 2778 402 2796 -
422 2741 562 2812 Philoni
582 2745 820 2815 Alexandrino
839 2747 1001 2836 proprie,
1023 2749 1054 2812 si
1078 2748 1266 2833 cogitemus,

163 2901 165 2908 ,
232 2857 343 2928 libros
354 2854 510 2923 Philonis
524 2857 567 2922 eb
587 2878 628 2923 eo
639 2875 736 2925 extre
747 2857 992 2929 Alexandriam
1004 2859 1072 2946 legi
1086 2853 1265 2949 potuisse.''

276 2971 320 3038 In
341 2967 538 3035 universum
556 2993 576 3033 a
595 2969 711 3048 multis
731 2988 867 3038 nostrae
887 2973 1002 3040 eetetis
1026 2972 1191 3059 theologis
1216 2968 1265 3034 ni-

234 3087 342 3154 mium
359 3081 525 3148 momenti
542 3081 580 3146 in
592 3082 854 3173 interpretando
867 3084 911 3151 N.
922 3086 966 3151 Τ.
980 3103 1015 3153 et
1035 3079 1264 3152 constituenda
1358 3161 1359 3164 Ἴ

224 3195 394 3266 ¹doctrina
416 3193 601 3287 apostolice
624 3197 788 3265 tribuitur
808 3198 968 3282 Philoni,
990 3200 1124 3293 quippe
1145 3192 1262 3263 homini

233 3311 414 3380 literarum
433 3310 677 3378 Hebreieurum
695 3311 825 3397 ignaro
838 3329 873 3378 et
893 3337 911 3378 e
927 3313 1146 3402 simplicitate
1165 3333 1261 3379 evan·

231 3425 344 3513 geliee
362 3446 505 3515 prorsus
527 3422 649 3494 alieno.
693 3421 769 3492 cfr.
793 3425 978 3506 Theile,
1004 3428 1173 3498 Christus
1197 3421 1263 3492 aad

272 3703 336 3777 (a)
361 3705 481 3762 rorum
496 3725 542 3777 per
554 3709 719 3782 Apollonium
733 3709 944 3770 Alexandrinum.
977 3713 1084 3770 Constet
1097 3715 1189 3780 etiem,
1203 3706 1259 3765 Phi·

237 3792 325 3850 lenem
343 3791 532 3863 Hierosolymis
558 3797 656 3869 luisse,
680 3810 709 3852 ut
735 3797 838 3851 nomine
866 3799 1024 3856 ludaeorum
1046 3803 1218 3872 Aegyptiorum
1234 3796 1257 3846 in

238 3877 336 3948 templo
358 3877 484 3933 terrificis
504 3882 627 3955 offerret,
654 3885 721 3956 (eir.
740 3870 893 3938 Kitinoel
911 3887 943 3938 sd
959 3885 1039 3945 Helue.
1057 3887 1106 3956 lx,
1124 3888 1158 3958 7)
1181 3883 1255 3952 ilique

235 3966 336 4106 ¹:cripte
353 3984 404 4044 tue¹
416 3985 474 4023 eum
490 3968 641 4030 lectoribus
657 3973 815 4028 suessorum
831 3973 1036 4030 communicanti
1051 3975 1201 4032 uenenum
1214 3971 1257 4022 ht·

253 4069 329 4114 mue.
