2858 4784
594 334 610 420 (
655 336 716 424 ¹39
759 337 773 416 >

166 505 259 578 nibil
290 507 532 603 seripserunt?
577 514 824 609 Hieronymus,
862 518 1069 604 Augustinus
1101 537 1207 612 atque

164 623 270 692 etiam
288 631 462 719 antiquior
480 648 625 720 utroque
647 633 749 698 Linus
772 636 931 722 pontifex
952 651 1129 716 asserunt,
1142 653 1200 724 atq
1279 697 1282 702 .

167 761 238 839 que
250 741 336 810 adeo
347 745 497 812 Jolranni
509 743 753 816 sarisberiensi
774 748 963 841 (scriptori
973 748 1098 816 saeculi
1111 749 1206 836 ΧΠ)

164 850 305 924 fortiter
329 855 486 949 desipere
506 860 688 942 videntur,
720 857 782 950 qui
803 883 877 936 non
898 881 1104 933 venerantur
1126 887 1207 937 eum

164 965 365 1064 (Senecam)
370 1021 383 1055 ‚
408 996 511 1067 quem
524 970 745 1066 apostolicam
759 973 1028 1055 familiaritatem
1042 979 1204 1068 meruisse

164 1086 339 1154 constat.”
1045 1145 1048 1152 .

208 1200 248 1268 Β.
265 1200 350 1268 Istae
363 1199 577 1291 Epistulae,
601 1201 728 1296 quibus
747 1199 887 1271 traditio
903 1201 950 1270 de
966 1203 1072 1273 Paulo
1089 1206 1202 1276 Sene·

162 1332 221 1382 cae
240 1311 401 1384 familiari
420 1317 633 1408 potissimum
655 1319 797 1397 nititur,
827 1333 909 1386 sunt
932 1341 1080 1386 numero
1107 1345 1203 1410 qua-s

159 1427 383 1509 tuordecim,
408 1455 555 1523 quarum
571 1448 649 1500 octo
673 1432 822 1500 Senecae
846 1432 891 1498 ed
913 1431 1057 1502 Paulum
1084 1450 1119 1500 et
1144 1457 1202 1502 tex

163 1541 261 1610 Pauli
274 1543 318 1611 ad
332 1545 497 1616 Senecam
518 1549 596 1633 (ι).
639 1547 876 1636 Reperiuntur
894 1547 931 1614 in
949 1545 1201 1636 antiquioribus

160 1660 326 1746 Operum
347 1660 496 1730 Senecae
518 1659 752 1743 editionibus,
772 1661 811 1726 in
836 1660 1045 1728 Fabricii
1070 1662 1202 1728 Codice

163 1772 388 1864 Apoeryplto
411 1777 483 1862 (ο)
501 1775 555 1844 Ν.
578 1775 621 1843 Τ.
643 1775 809 1851 Τοιιι.ΙΙ,
830 1797 867 1864 p.
888 1775 976 1857 880,
998 1775 1088 1843 etin
1113 1776 1202 1840 Pri·
1280 1767 1282 1772 ’

157 1886 219 1954 eii
241 1889 520 1958 Introductione
549 1889 590 1956 its
608 1889 662 1960 N.
686 1889 743 1967 Τ..
765 1885 853 1956 edit.
872 1887 1139 1973 llolmenni,
1160 1913 1201 1980 p·

158 2003 229 2071 nio
247 2023 330 2093 sqq.
661 2069 662 2076 ,

210 2139 240 2186 t·
279 2115 352 2184 Hae
382 2113 546 2209 epistolae
574 2115 795 2197 amesbaeae,
830 2138 1040 2204 quamquam
1070 2113 1199 2188 elima

160 2230 278 2304 inultis
297 2229 483 2318 theologis,
507 2253 654 2323 quorum
672 2231 814 2297 nomina
833 2226 1072 2298 Fabricius
1094 2233 1132 2298 in
1146 2230 1196 2302 li·

158 2347 225 2412 bro
241 2343 381 2415 laudato
401 2365 581 2427 recenset,
610 2365 677 2439 pro
701 2342 906 2410 authenticis
932 2344 1070 2412 habitae
1093 2364 1199 2432 sunt,

150 2460 381 2550 fictitinrstm
398 2473 503 2528 notae
521 2459 651 2548 ubique
672 2478 807 2546 praese
825 2455 955 2525 ferunt.
998 2457 1113 2548 Stylus
1132 2485 1196 2528 ea·

161 2595 238 2642 rum
267 2591 320 2641 est
350 2569 619 2660 Senecae'stylo
648 2567 921 2656 dissimillimus,
956 2569 1127 2640 barbarus
1159 2590 1197 2642 et

157 2686 267 2752 multo
287 2688 450 2753 seriorem
474 2699 618 2752 aetatem
640 2683 792 2770 redole13
826 2705 981 2754 necnon
1008 2682 1134 2753 Paulus
1155 2687 1196 2758 in

159 2802 201 2868 lis
224 2823 349 2891 parum
373 2798 626 2868 accommodate
651 2797 695 2866 ad
726 2799 857 2886 ingenii
885 2799 937 2869 eui
963 2797 1117 2870 indolem
1143 2799 1205 2870 lc··

156 2918 295 3008 quitur,
310 2930 408 2983 voest
420 2915 584 2983 Senecam
600 2913 859 2982 devotissimum
870 2913 1069 3001 magistrum
1080 2915 1193 3006 Epist.

154 3043 214 3113 10,
237 3047 273 3096 et
291 3028 335 3096 de
355 3029 457 3098 rebus
484 3025 571 3096 letis
594 3027 759 3095 momenti
779 3026 922 3116 apostoli
944 3027 1109 3114 gravitate
1126 3030 1189 3096 in-

150 3149 268 3232 dignit
281 3147 384 3214 verba
402 3145 497 3216 lacit.
533 3146 623 3214 Hine
638 3143 761 3213 nostris
776 3145 986 3232 temporibus
1008 3144 1050 3210 ab
1069 3145 1190 3211 omni·

156 3263 220 3332 bus
242 3261 428 3348 theologis,
449 3261 660 3328 nostratibus
685 3276 719 3327 et
743 3258 952 3353 pontificiis.
976 3279 1042 3350 pro
1063 3260 1190 3349 spuriis

158 3393 192 3443 et
205 3373 441 3449 commentitiis
454 3375 646 3454 habentur,
670 3398 758 3466 quae
770 3375 815 3442 ab
825 3372 897 3440 ullo
914 3371 1028 3467 aliquo
1042 3373 1202 3444 obscuro-

158 3561 317 3589 hta-

189 3685 243 3758 (a)
265 3685 342 3741 Sexta
363 3685 472 3758 epistola
497 3689 594 3760 scripte
618 3698 658 3744 stt
681 3686 714 3742 etl
736 3685 859 3742 Senecam
881 3695 908 3741 et
931 3652 1061 3744 Lucilium
1079 3690 1194 3762 'conjure

154 3785 242 3932 etl(mxl)
260 3861 313 3928 Qui
329 3861 433 3917 omnino
450 3861 483 3915 tle
498 3860 549 3916 bae
564 3882 593 3917 rs
608 3857 777 3916 consulendus
800 3869 857 3930 eat,
884 3871 911 3914 et
933 3860 1089 3920 Kleulter
1112 3869 1191 3920 Aus-

147 3951 291 4022 Jiltrlt'cle
305 3951 519 4024 Uuiersusltung
533 3955 581 4006 der
601 3952 777 4022 Grtlndsstir
786 3950 832 4000 die
841 3947 993 4004 Aecbtlteit
1002 3963 1051 4009 etc.
1070 3952 1144 4008 Toto.
1157 3951 1191 4025 Υ,

153 4041 326 4112 2.4541qq.;
342 4039 466 4110 litigii
481 4040 653 4094 Dissertatio
670 4041 704 4095 tls
719 4039 857 4100 Patribus
873 4039 1062 4111 Apenestai,
1079 4043 1163 4111 §.ab
