2810 4784
595 370 776 460 (18⁵)

131 555 256 634 XVI,
276 579 290 623 ι
310 575 401 644 sqq..
418 576 530 642 neque
547 553 682 620 disertis
700 553 814 622 verbis
830 555 866 622 in
879 553 921 624 N.
935 555 978 622 Τ.
995 574 1198 623 commemo·

133 689 269 753 ratur,
289 693 365 735 eum
380 668 628 758 llierosolymae
650 689 712 756 per
731 667 871 759 aliquod
892 687 1024 761 tempus
1048 691 1195 735 commo·

134 801 267 851 ratum
293 807 375 850 esse.
421 781 489 852 Sed
518 805 559 848 ex
584 782 660 849 Act.
677 777 766 861 XX.
789 783 810 854 4
830 807 909 875 sqq.
932 781 1110 851 verisimile
1134 783 1194 862 fit,

137 895 378 964 Timotheum
392 895 485 962 Pauli
498 893 763 984 Hierosolymam
776 893 1025 986 proficiscentis
1039 897 1196 962 comitem

139 992 273 1088 fuisses
316 1011 468 1077 Fortasse
492 1007 592 1072 etiam
608 1013 848 1097 πρεσβυτέριον,
871 1034 977 1100 aquo
997 1010 1196 1078 Timotheus

140 1129 240 1208 μετὰ
263 1127 422 1202 ἐπιθέσεως
447 1129 505 1191 τῶν
530 1131 640 1206 χειρῶν
662 1129 796 1191 muneri
819 1123 1005 1216 apostolico
1030 1123 1195 1192 initiaba-

139 1233 233 1320 tur,
258 1261 273 1306 1
295 1237 385 1304 Tim.
404 1236 472 1318 IV,
498 1235 561 1316 14,
584 1233 650 1300 suit
669 1234 922 1326 presbyterium
948 1235 1194 1328 Hierosolymi-

140 1367 293 1432 tanum‚
327 1349 420 1440 quod
442 1351 517 1420 κατ’
540 1353 652 1438 ἐξοχὴν.
683 1368 822 1418 vocetur
852 1353 1077 1436 πρεσβυτέριον.
1122 1351 1196 1426 csr,
1265 1419 1267 1423 ,
1353 1393 1354 1398 1

142 1462 326 1531 Riihler
348 1464 514 1534 Ver-such
535 1477 603 1530 eto.
626 1485 663 1556 p·
688 1465 764 1532 144·
809 1465 982 1552 Quoniam
1008 1457 1195 1530 circumci-

145 1577 258 1643 sionis
281 1577 363 1640 ritui
390 1597 426 1641 se
454 1575 665 1660 subjecerat,
691 1576 770 1642 Act·
792 1575 901 1660 XVI,
926 1577 966 1658 3,
990 1575 1212 1643 Christianis

141 1689 459 1764 Palaestinensibus
489 1688 618 1760 rituum
638 1683 868 1758 Moericorum
894 1691 1074 1757 tenacibus
1104 1715 1193 1779 per·

147 1827 251 1870 carus
273 1825 344 1870 esse
367 1802 508 1868 debuita
1127 1803 1129 1808 '

194 1917 231 1983 d.
255 1915 432 2008 Objieitur
453 1913 577 2000 etiam,
596 1899 626 1982 ¹si
648 1917 733 1985 haec
754 1915 897 2009 epistola
918 1916 962 1983 ad
983 1919 1196 1986 Christianos
1259 1925 1264 1934 ’

149 2029 421 2098 Palaestinenses
445 2031 574 2118 scripta
592 2047 696 2114 esset,
719 2032 792 2117 ejus
815 2033 974 2120 vestigia
996 2035 1094 2100 inter
1111 2035 1200 2101 No·

146 2166 298 2224 carneos
317 2156 354 2210 et
371 2143 566 2218 Ebionitos,
585 2157 710 2212 extare
725 2145 870 2230 debere,
894 2167 981 2240 quae
1002 2145 1195 2214 veronulla

150 2257 235 2328 sint.

159 2393 165 2412 ¹
193 2369 458 2458 Respondetnr,
481 2371 659 2462 epistolam
674 2396 744 2438 non
764 2374 800 2438 in
821 2395 938 2440 manus
958 2373 1194 2444 Hebraeorum

150 2485 307 2566 venisse,
330 2508 420 2568 nec,
450 2485 477 2552 si
509 2490 643 2552 venerit
667 2502 702 2557 et
726 2488 769 2552 ab
800 2487 839 2552 iis
864 2483 956 2556 lecte
977 2487 1102 2572 fuerit,
1124 2515 1192 2579 ap-

149 2599 331 2684 probatam
351 2619 432 2666 esse.
1051 2597 1053 2602 ’
1173 2597 1176 2604 “

195 2733 226 2775 e.
249 2707 357 2776 Porro
383 2710 528 2796 dicunt,
552 2713 678 2780 Jesum
701 2713 899 2781 secundum
932 2701 1048 2784 Hebr.
1070 2715 1131 2796 ΙΙ,
1156 2740 1194 2801 3.
1268 2797 1271 2804 1

102 2907 104 2912 Ι
152 2823 191 2898 ia
217 2825 380 2912 regione,
407 2825 469 2898 aba·
493 2827 644 2894 lectores
665 2827 841 2916 epistolae
866 2829 1101 2912 babitabant,
1123 2855 1193 2896 nort

152 2943 273 3026 ipsum
295 2941 457 3010 docuisse
472 2923 598 3042 ‚fqnod
630 2943 666 3014 in
690 2937 916 3012 Palaestinam
936 2960 971 3010 et
994 2944 1193 3035 Hierosoly-

150 3075 240 3128 mam
271 3051 432 3140 quadret.

191 3165 454 3259 Respondetur,
477 3148 514 3232 ilr
535 3166 611 3235 loco
633 3167 739 3232 Hebr.
762 3165 815 3248 ΙΙ,
841 3169 872 3234 5.
896 3167 961 3234 hoc
979 3169 1192 3235 tantummo-

151 3275 198 3346 do
220 3271 313 3362 dici,
338 3277 431 3369 quod
461 3271 584 3361 novam
613 3277 806 3348 doctrinam
831 3279 944 3370 primo
973 3283 1068 3348 lesus
1094 3283 1191 3369 ipse,

152 3379 279 3460 deinde
312 3397 383 3480 ejus
409 3393 572 3484 discipuli
597 3386 702 3486 usqne
729 3393 772 3460 ad
802 3412 955 3484 tempus,
980 3417 1050 3482 quo
1073 3411 1193 3463 auctor

152 3503 311 3593 scripsit,
337 3505 518 3578 docueritis
551 3525 586 3580 et
621 3507 921 3588 confirmaverint,
950 3529 1020 3575 non
1050 3507 1195 3575 exclusis

152 3616 218 3700 iis,
242 3619 301 3707 qui
323 3619 503 3690 dominum·
527 3625 641 3714 ipsum
668 3615 848 3692 docentem
866 3619 1079 3688 audiverant.

187 3731 403 3823 fiDeuique
430 3737 670 3820 contendunt,
701 3741 890 3825 epistolam
921 3737 973 3803 od
1004 3733 1193 3802 Hebraeos

151 3849 376 3913 Aramneico
398 3833 553 3919 dialeclo
579 3839 743 3934 areales,
766 3877 834 3920 noe
855 3853 1017 3932 Graece,
1041 3851 1107 3916 sed
1127 3850 1167 3915 A
1172 3887 1191 3903 -

154 3967 332 4029 ramaeice
365 3968 588 4033 scribendam
609 3966 747 4053 secisse·
790 3962 1052 4058 Respondetur,
1076 3964 1189 4028 Grae-

154 4067 227 4139 cam
259 4073 409 4178 linguam
453 4077 701 4171 Hierosolymee
734 4080 771 4146 in
805 4106 846 4150 eo
883 4073 946 4146 usia
975 4079 1098 4156 luisse,
1131 4079 1192 4166 qui
