2810 4784
693 363 871 464 (¹78)

269 561 416 632 deuteri
445 573 559 626 utrum
579 556 820 646 Hierosolymis
845 555 1026 644 degentes,
1050 580 1093 625 un
1121 549 1327 628 Christiani

267 703 308 743 ex
337 673 472 744 iudaeis
515 673 552 738 iu
585 671 658 737 eliis
686 670 828 736 urbibus
858 687 893 738 et
927 669 1122 760 regionibus
1156 673 1259 742 Asiae
1287 680 1329 744 et

266 791 425 876 Europae
446 785 721 854 commorantes?

311 898 517 972 Schmidt
536 898 574 967 in
596 898 708 970 libro:
732 898 950 986 Einkitung
978 899 1035 968 int
1059 901 1112 968 N.
1138 901 1181 970 Τ.
1205 903 1251 998 Τ.
1277 903 1322 986 Ig

267 1041 305 1106 p·
328 1017 524 1102 eds-295·
556 1009 600 1080 ed
626 1011 838 1084 Christianos
865 1035 907 1082 cx
933 1013 1069 1086 Judteit
1092 1015 1317 1088 Atuxmdei·

266 1151 328 1198 noe
353 1129 517 1217 scriptam
543 1139 614 1194 etse
644 1126 823 1198 contendit
847 1127 891 1200 ob
924 1129 1213 1202 Alexandrinam
1242 1132 1316 1198 di-

268 1243 376 1310 oendi
398 1243 596 1323 rationem,
619 1261 707 1329 quoe
724 1238 807 1314 huie
827 1237 991 1329 epistole
1011 1243 1155 1331 proprie
1177 1243 1242 1325 sit,
1263 1245 1314 1312 ob

267 1359 526 1430 unctoritotem
551 1353 771 1432 cononicam.
804 1373 908 1442 quem
933 1356 1047 1443 primo
1075 1355 1113 1426 in
1145 1356 1317 1430 Alexan-

267 1473 377 1542 drino
391 1469 543 1538 ecclesia
561 1483 661 1535 necte
675 1467 738 1550 eit,
753 1483 789 1534 et
800 1468 844 1534 ob
858 1465 1015 1540 titulume
1041 1497 1060 1540 e
1076 1467 1244 1556 Epistola
1254 1473 1315 1542 od

265 1582 585 1662 Alexandrinus,”
619 1581 783 1672 quentin
808 1581 980 1670 catalogo
1002 1582 1174 1656 librorum
1193 1587 1237 1653 N.
1261 1587 1314 1656 Τ.

272 1699 514 1786 canonicorum
544 1720 564 1762 ι
590 1694 782 1762 Muratorio
810 1691 904 1762 edito
936 1695 1148 1784 (fragmento
1177 1700 1215 1766 in
1237 1700 1313 1768 fine

268 1807 395 1877 saeculi
416 1807 558 1878 secundi
577 1811 620 1876 ub
646 1829 816 1898 anonymo
835 1807 986 1898 quodum
1000 1829 1137 1880 anctore
1153 1814 1312 1904 scripto)

266 1924 405 1992 haheat.
458 1922 708 2012 Argumentum
733 1922 898 2008 primum
932 1925 1038 2012 mugit
1067 1925 1312 1998 munerarent

268 2033 450 2129 epistulae.
472 2059 576 2127 quem
601 2032 644 2103 ad
665 2055 743 2114 eos,
766 2035 893 2122 quibus
912 2036 1040 2128 scripte
1059 2055 1129 2119 est,
1148 2040 1310 2108 referen-

267 2154 351 2220 dum
362 2167 468 2232 esset,
481 2171 689 2238 quemquem
706 2147 898 2216 monadum
913 2173 975 2233 ee,
992 2173 1079 2242 quse
1095 2151 1285 2246 supradixi
1298 2201 1313 2238 ,

268 2267 378 2334 dictio
397 2277 535 2331 nostroe
556 2259 717 2354 epistolae
736 2281 780 2328 ne
801 2279 973 2346 ausurum
993 2265 1136 2354 quidem
1151 2268 1310 2338 Alem-

265 2382 410 2448 drinum
438 2377 544 2446 fuisse
574 2373 697 2461 arguit.
742 2377 948 2446 Secundum
977 2400 1211 2468 argumentum
1242 2386 1308 2455 hoe

268 2511 401 2564 tantum
417 2491 563 2586 prohat,
581 2504 816 2575 argumentum
829 2493 991 2581 epietolre
1009 2515 1044 2565 et
1056 2499 1236 2566 “remundi
1248 2526 1309 2569 re·

268 2613 396 2678 tionem
405 2604 649 2676 Alexandrinis
666 2602 885 2690 doctoribus,
898 2608 1028 2700 qnippe
1040 2609 1217 2683 liternum
1230 2614 1311 2684 010.

267 2723 460 2812 gentionem
483 2719 767 2796 studiosioribus.
792 2719 977 2810 pitonius,
999 2740 1034 2792 et
1049 2725 1155 2798 Panlo
1170 2727 1309 2816 dignum

266 2835 446 2926 epistolem
460 2833 501 2902 iis
512 2832 616 2902 ritem
632 2846 704 2902 etse
718 2880 730 2915 ,
743 2832 796 2902 vel
814 2835 979 2922 originem
987 2837 1162 2908 Paulinam
1173 2844 1309 2932 episto·
1354 2831 1360 2854 '

153 2965 157 2988 ³
267 2950 322 3024 lae
346 2945 417 3018 ulle
443 2946 558 3037 eliqua
584 2947 716 3018 ratione
734 2946 776 3018 iis
800 2948 1002 3022 innotuisse.
1051 2955 1218 3024 Tertium
1240 2984 1308 3026 arh

267 3073 480 3156 guarentem
509 3084 546 3128 re
568 3078 706 3151 prorsus
730 3060 864 3151 incerte
892 3066 1028 3134 nititur.
1070 3070 1159 3138 Num
1186 3072 1223 3137 in
1250 3073 1313 3140 iliu

136 3220 139 3238 ,
271 3183 462 3266 irsgmento
485 3197 555 3246 uon
584 3175 719 3244 disertis
743 3175 857 3246 verbis
877 3178 1017 3272 epistole
1040 3199 1156 3251 nostre
1182 3183 1313 3252 dieitur
1386 3255 1389 3264 1

269 3294 441 3383 Epistola
460 3291 511 3358 ad
523 3291 801 3360 Alexandrinos.
823 3292 893 3360 Sed
912 3299 1311 3368 commemoratis'treduu

270 3411 337 3476 cim
353 3403 505 3495 epistolis
524 3397 672 3474 Pouiiois
698 3409 971 3492 deuteromium,
997 3431 1106 3478 sermo
1131 3430 1182 3481 est
1208 3413 1310 3482 etium

270 3522 313 3588 de
331 3521 464 3586 duobus
484 3522 625 3610 spuriis,
647 3542 770 3607 nempe
789 3520 831 3587 de
859 3519 1000 3616 epistole
1020 3521 1063 3588 ud
1086 3524 1313 3593 Laodiceuses

270 3656 304 3702 et
341 3636 484 3726 epistola
517 3631 560 3698 ud
595 3632 860 3701 Alexandrinos.
913 3635 1010 3730 Hunc
1050 3639 1229 3724 epistolum
1265 3640 1312 3705 sd

268 3739 520 3818 Alexandrinos
549 3762 585 3812 et
605 3762 755 3814 nostram
774 3747 950 3835 epistolem
978 3749 1122 3818 eundem
1143 3776 1214 3821 esse
1232 3777 1309 3844 pu·

269 3879 398 3934 terunt.
441 3859 512 3928 Sed
537 3883 730 3953 perperam.
773 3864 894 3953 Neque
916 3864 1007 3930 euim
1031 3865 1068 3930 iu
1093 3867 1163 3936 nilo
1185 3867 1308 3936 codice

267 3980 320 4045 vei
347 3978 513 4070 scriptore
531 3973 756 4042 eeclesiastico
779 3993 894 4043 nostre
918 3977 1058 4070 epistola
1078 3980 1125 4046 ite
1148 3985 1310 4048 nomina-

268 4114 344 4180 tur,
375 4093 435 4162 sed
458 4113 593 4181 semper
619 4089 718 4160 titulo
752 4091 841 4164 «ad
865 4087 1087 4163 Hebraeum
1113 4097 1309 4187 insignitur.
