2866 4780
619 417 848 506 (ut

181 597 245 700 bus
285 594 356 664 fare
385 597 564 667 omnibusa
604 599 731 666 Matth.
759 595 955 692 x111‚59,
990 601 1057 681 40,
1090 599 1144 688 49.
1175 610 1211 664 ct

179 711 286 778 Heba.
306 710 376 792 vl,
400 714 443 795 53
480 734 550 802 quo
571 715 664 797 jure.
683 712 918 802 disputabitur
947 713 991 780 ad
1015 715 1091 779 loca
1109 716 1203 801 ipsas

180 824 248 894 boc
268 822 345 892 loco
370 840 503 892 tantum
527 826 686 894 sumimus
703 826 790 912 boc,
813 829 908 921 quod
929 849 1044 896 omnes
1060 826 1207 910 largitu·

178 959 235 1006 ror
253 937 353 1006 uobis
375 961 466 1019 assa,
490 939 716 1020 confidimuaa
735 963 843 1028 porra
859 941 997 1026 saltem,
1018 939 1146 1030 partim
1168 962 1211 1009 aa

177 1050 313 1139 linguae
329 1052 539 1139 rationibus,
563 1055 689 1146 partim
714 1075 755 1120 ex
774 1054 916 1122 istorum
936 1053 1092 1124 locorum
1119 1073 1208 1122 cou-

176 1179 290 1251 tarsu,
304 1165 587 1254 significationem
610 1170 714 1256 bajus
734 1167 897 1243 formulas
917 1169 1096 1255 vulgarem·
1108 1169 1211 1236 auam

174 1277 219 1345 ad
240 1279 331 1348 hacc
349 1282 433 1370 ἰρνα
450 1287 529 1352 loca
552 1285 754 1367 transferri,
777 1299 816 1350 ut
839 1281 917 1352 loco
934 1284 1099 1352 Matthaei
1117 1298 1209 1348 tem·

172 1413 259 1482 pora
283 1393 428 1464 Messias
450 1421 511 1478 aa,
536 1397 661 1488 quibua
677 1395 726 1464 ad
752 1396 1013 1465 retribuendum
1036 1397 1156 1486 probis
1176 1409 1212 1464 ct

171 1508 338 1598 improbis
351 1510 432 1578 olim
449 1511 625 1583 rediturus.
636 1529 690 1580 cst
701 1515 797 1583 Jesus
812 1511 992 1594 Christus,
1005 1507 1209 1596 intelligan-

177 1637 236 1690 tur
248 1647 259 1706 ν
271 1621 339 1688 loci
360 1645 442 1690 vcro
450 1623 585 1692 Paulini
597 1625 761 1712 (Paulum
782 1626 875 1694 euim
889 1646 955 1714 pro
972 1640 1108 1692 auctore
1128 1625 1209 1712 epi·

178 1732 284 1805 stolae
312 1733 355 1802 ad
383 1736 559 1810 Hebraeos
584 1737 711 1827 babet)
741 1757 858 1806 aenam
887 1736 935 1804 ita
959 1737 1208 1806 constituatura

174 1847 247 1934 Qui
266 1849 337 1933 jam
354 1850 393 1916 iu
419 1849 472 1916 bis
491 1850 607 1935 terris,
633 1875 675 1920 ex
701 1875 771 1943 quo
793 1849 982 1920 Christiani
1006 1848 1210 1934 lacrimat,

172 1960 396 2048 degustarunt
419 1961 676 2054 quodammodo
701 1979 737 2030 st
761 1978 944 2031 senserunt
969 1965 1059 2055 ipsi,
1081 1981 1209 2053 quanta

172 2073 253 2146 olim
274 2075 418 2144 felicitas
438 2097 557 2171 parata
577 2078 622 2144 sit
643 2076 848 2145 Christiania
869 2076 905 2144 in
929 2099 1036 2164 regno
1053 2080 1209 2150 Messias.

216 2189 349 2280 Quodsi
372 2191 476 2277 igitur
499 2192 538 2258 in
566 2189 650 2260 locis
683 2191 859 2284 plerisque
896 2192 940 2261 N.
964 2193 1009 2262 Τ.
1035 2193 1209 2280 vulgarem

172 2303 393 2372 formularum
421 2311 495 2384 aibr
512 2306 598 2385 οὗτος
617 2321 653 2374 et
676 2309 802 2392 piatam
823 2303 1107 2390 significationem
1130 2334 1208 2377 am-

170 2418 391 2506 plectendam
407 2420 615 2491 necessario
631 2441 724 2503 esse,
742 2419 837 2484 ornni
854 2416 1068 2487 dubitatione
1089 2438 1204 2507 caret3

168 2531 244 2602 loca
264 2551 394 2604 caetera
411 2554 498 2624 ¹vero
515 2534 672 2621 ambigua
690 2528 882 2601 secundum
901 2527 1052 2604 eundem
1069 2555 1206 2600 sensum

168 2667 239 2711 nou
263 2645 482 2712 incommode
514 2643 660 2730 intelligi
689 2659 725 2710 et
746 2640 911 2730 explicari
939 2641 1057 2710 saltem
1075 2667 1206 2733 posse,

170 2756 315 2824 concedi
335 2756 463 2844 debat3
488 2777 560 2824 ncn
577 2755 676 2826 video
696 2755 876 2848 profacto,
900 2778 961 2824 cur
979 2757 1019 2821 in
1037 2756 1091 2824 bis
1111 2783 1203 2850 pau·

168 2869 217 2938 cis
242 2867 349 2955 locis,
378 2868 500 2944 relicto
535 2893 597 2941 usu
623 2867 790 2962 loquendi
815 2869 987 2939 communi
1018 2888 1055 2938 et
1088 2889 1206 2960 certo,

168 2980 381 3052 descendere
404 2983 543 3054 velimus
565 2982 613 3053 ad
644 3006 781 3058 acutum
808 2983 932 3068 alium,
957 3001 1091 3054 etcum
1116 2992 1202 3080 qui·

164 3098 245 3167 dem
270 3096 463 3186 ejusmodi,
487 3119 592 3191 quarn
611 3121 676 3167 nec
694 3121 757 3167 usu
773 3097 939 3192 loquendi
961 3099 1114 3185 Graeco,
1138 3125 1202 3172 nea

165 3211 333 3298 Iudaico,
364 3213 394 3280 si
431 3215 580 3283 rationes
616 3211 720 3303 paulo
752 3211 943 3282 accuratius
976 3215 1066 3281 inire
1099 3217 1201 3296 velis,

164 3326 361 3394 confirmari
381 3325 455 3395 ullo
481 3325 585 3394 modo
608 3349 706 3416 posse
726 3329 911 3424 apparet.”‘
961 3329 1053 3396 Haec
1078 3330 1200 3400 hacta·
1248 3411 1250 3424 A

164 3462 228 3505 nus
250 3439 469 3533 Koppius.
508 3442 619 3529 Hujus
639 3443 705 3508 viri
729 3445 929 3510 auctoritate
951 3458 984 3508 et
1010 3442 1199 3514 rationibus

136 3585 138 3597 ·
164 3554 208 3618 ab
233 3551 291 3620 illo
312 3572 347 3622 et
368 3581 386 3622 a
404 3581 459 3624 mc
484 3579 588 3650 supra
609 3556 750 3647 prolatis
773 3555 897 3640 nixus,
923 3579 1021 3624 voces
1042 3560 1200 3644 οἰκουμένη

162 3670 326 3751 μέλλουσαν
355 3688 388 3737 et
419 3675 492 3748 uitia
522 3675 649 3757 plotus
679 3670 722 3738 ad
755 3676 875 3748 aurasia
901 3676 1042 3756 οὐρανοὺς
1076 3695 1110 3742 et
1139 3688 1200 3758 yfir

164 3786 270 3860 καινὴν
300 3783 510 3862 aPatr.111‚
534 3791 586 3856 15.
613 3785 664 3853 vel
693 3783 736 3851 ad
761 3785 883 3850 muudi
914 3783 1052 3852 alterius
1076 3807 1200 3860 statum
1298 3825 1301 3830 ·

162 3893 337 3962 meliorem
360 3913 393 3962 et
413 3901 607 3974 ἀσάλευτον,
636 3905 692 3980 τὴν
709 3902 876 3986 ἐκπύρωσιν
898 3916 931 3965 at
956 3905 1197 3982 perdiscenda

163 4013 374 4094 σαλευομένων
409 4012 689 4097 subsecuturum,
723 4031 756 4080 et
783 4017 886 4080 vitam
917 4012 1058 4082 alteram
1090 4018 1124 4082 in
1158 4041 1198 4086 eo

164 4123 415 4214 transigendam
439 4126 567 4216 resero,
593 4129 683 4200 etin
710 4127 784 4211 bis,
807 4127 895 4193 sicut
914 4127 949 4193 in
972 4131 1048 4200 loco
1074 4131 1198 4198 nPctr.

822 4244 841 4306 5
862 4239 877 4277 fi
