2866 4780
650 419 808 511 (οὸ)

575 655 696 746 Caput
728 655 888 724 tertium.

251 853 310 926 td
332 877 381 924 vs.
405 879 434 924 ι.
486 851 552 920 Hie
586 850 709 940 legitur
736 849 881 918 formata
908 851 1046 930 κλήσεως
1069 857 1249 943 irrorantes

209 973 352 1060 μέτοχοι.
394 969 470 1038 Vox
490 969 627 1056 μέτοχος
646 989 747 1056 saepe
763 968 801 1032 in
822 982 937 1032 nostra
955 967 1095 1058 epistoia
1115 995 1242 1040 occur-

211 1087 259 1153 rit
281 1087 318 1168 1,
339 1109 379 1178 93
403 1081 474 1164 111,
501 1085 562 1166 143
585 1077 654 1162 VI,
674 1089 719 1164 ος
752 1079 840 1162 Xrl,
861 1079 909 1164 83
938 1097 973 1148 ot
1000 1103 1241 1170 voeaseogna·

213 1213 267 1266 tae
290 1197 345 1280 tt,
370 1197 434 1281 143
466 1192 517 1272 V,
544 1197 607 1278 153
637 1193 674 1260 iu
696 1189 768 1261 aiiit
792 1193 943 1280 epistolis
970 1191 1066 1262 Pauli
1090 1216 1160 1262 non
1180 1219 1246 1262 re·

211 1311 420 1406 peninum,
451 1309 512 1376 ubi
531 1307 607 1377 loco
636 1331 753 1376 earum
773 1307 934 1394 leguntur
958 1327 1055 1376 vocet
1081 1313 1242 1393 rororis,

210 1429 427 1509 σύγκοίιοονος.
450 1432 607 1502 κοινωνεῖν.
646 1421 690 1489 In
714 1419 904 1488 Stoicorum
927 1422 1064 1512 seriptis
1081 1421 1244 1514 frequens

119 1531 121 1540 ’
210 1565 291 1608 usus
314 1557 365 1607 est
382 1538 471 1606 vocis
489 1541 624 1624 μέτοχος
639 1555 675 1604 et
692 1538 854 1621 μετέχειν.
898 1535 1029 1604 Anton.
1045 1537 1082 1616 1.
1109 1542 1159 1608 15.
1183 1539 1243 1604 bo·

210 1679 267 1722 mo
283 1655 412 1721 dicitur
434 1657 517 1729 teias
532 1655 702 1738 ἀπομοίρας
721 1655 875 1736 μέτοχοςς
900 1651 971 1729 IX,
996 1657 1035 1720 6:
1060 1659 1162 1740 νοερᾶς
1179 1655 1243 1740 φοί·

211 1797 287 1847 reos
321 1771 479 1854 μέτοχοςς
515 1767 586 1850 lv,
614 1768 655 1834 4:
679 1769 921 1849 ’Πολοτεύςοοοιός
958 1794 1038 1844 τινος
1065 1770 1244 1852 μετέχομεν

210 1900 278 1951 eto.
300 1883 544 1947 -Caeterum
568 1903 677 1945 nexus
706 1879 808 1962 hujus
840 1879 961 1967 eapitis
996 1903 1073 1946 oum
1097 1899 1243 1948 anteue-

210 1975 372 2059 deutibus
397 1992 481 2058 mihi
503 1989 562 2056 hio
582 2015 653 2058 esse
676 1991 830 2060 videturr
864 1991 960 2060 Jesus
991 2017 1051 2060 uos
1079 2020 1097 2060 a
1126 1996 1248 2061 mortis

209 2124 304 2173 matu
330 2105 507 2184 liberavit,
541 2129 637 2195 spem
674 2107 894 2175 certissimam
932 2106 1073 2174 alterius
1102 2109 1245 2198 ejusque

208 2219 357 2288 melioris
383 2220 536 2286 vitae‘in
566 2217 667 2286 coelis
696 2242 755 2285 sua
785 2217 943 2290 doctriua
973 2220 1071 2285 nohis
1098 2220 1238 2292 iaciens.

209 2339 327 2426 Quum
349 2331 453 2419 igitur
476 2348 569 2398 tanta
588 2335 688 2401 nohis
708 2333 916 2409 offerantur,
936 2355 1014 2398 cum
1034 2333 1136 2400 simus
1150 2339 1245 2419 μέτρι’

207 2477 263 2537 χοι
285 2452 422 2528 κλήσεως
439 2450 637 2532 ἐπουρανίου,
668 2437 752 2539 iq}
784 2449 811 2517 oi
835 2449 1015 2529 κεκλημένοι
1044 2457 1099 2527 τῆς
1124 2453 1246 2530 aionien

209 2565 430 2648 κληρονομίαις
454 2582 586 2629 summa
612 2561 826 2628 observantia
849 2585 1096 2654 prosequamur
1124 2565 1145 2630 J
1148 2591 1242 2636 esum

206 2678 409 2754 Christum.
431 2673 607 2743 doctorem
625 2673 789 2742 divinitus
810 2677 948 2744 missum
970 2693 1004 2744 at
1023 2676 1243 2750 mediatorem

206 2794 375 2878 ὁμολογίας
398 2793 501 2870 ἡμῶν,
523 2793 683 2874 donaria.

251 2900 356 2990 Quod
378 2902 502 2967 attinet
527 2901 570 2967 ad
589 2924 708 2970 vocem
732 2905 918 2989 ἆρχοερεῦς,
940 2927 1008 2992 qua
1028 2903 1123 2970 iesus
1147 2905 1237 2973 insi-

208 3017 346 3102 gnitur,
370 3014 561 3082 notandum
582 3031 654 3097 est,
678 3041 696 3079 a
716 3014 839 3084 Stoicis
865 3016 1033 3108 sapientes
1051 3021 1164 3088 vostri
1181 3045 1241 3086 sa·

209 3128 377 3196 cerdotes.
410 3129 539 3196 Anton.
564 3131 784 3208 Lib.111‚4:
816 3131 857 3194 '0
878 3134 1134 3214 dritbroroiros
1156 3137 1239 3220 (sa-

207 3243 329 3334 piens)
368 3247 463 3328 ἱερεύς
495 3271 542 3321 τις
571 3247 623 3315 uui
650 3249 799 3330 ὑπουργὸς
821 3247 904 3314 θεῶν.
946 3241 1110 3314 Stohaeus
1142 3249 1185 3316 T.
1210 3250 1240 3322 Ι.

207 3359 233 3425 l.
257 3381 289 3425 u.
317 3357 360 3424 de
386 3359 529 3428 Stoicis:
567 3362 704 3440 Λέγουσι
736 3365 768 3431 δὲ
794 3361 847 3434 καὶ
867 3361 950 3443 isaia
971 3361 1060 3443 μόνον
1084 3361 1161 3438 οἶνοι
1186 3367 1240 3442 τὸν

207 3477 313 3560 σοφόν.
358 3475 536 3540 Caeterum
558 3497 726 3562 nusquam
745 3475 811 3542 nisi
828 3473 864 3539 in
887 3472 951 3540 hae
975 3477 1117 3566 epistola
1137 3477 1239 3546 Chri·

205 3607 276 3654 stus
299 3585 427 3654 dicitur
448 3585 617 3654 sacerdos.

250 3698 306 3767 Ad
339 3722 455 3765 vocem
482 3705 656 3785 ὁμολογίαι,
693 3724 781 3790 quaa
810 3701 956 3767 vertitur
979 3705 1172 3785 consessio,
1203 3723 1240 3773 et

211 3839 300 3908 qnae
327 3829 462 3900 praeter
487 3813 579 3880 huno
604 3813 716 3880 locum
733 3817 804 3891 lv,
830 3815 888 3898 143
913 3815 966 3895 X,
991 3821 1041 3882 ui.
1076 3835 1110 3882 et
1131 3843 1237 3910 prae·

211 3949 301 3997 terea
325 3926 429 3992 semei
453 3930 575 3996 tTim.
591 3932 653 4010 vt,
677 3931 730 3995 13.
752 3929 790 3994 in
808 3930 850 3996 Ν.
871 3931 913 3996 Τ.
933 3933 1100 4014 occurrit,
1124 3933 1236 3998 anima

208 4023 457 4113 advertendum
479 4059 551 4128 est,
577 4042 706 4111 Stoicos
733 4043 877 4127 dixisse,
911 4042 1013 4114 finem
1043 4043 1240 4142 bonumque
