2858 4784
657 331 866 422 (8⁴).

227 512 357 582 Serica
380 514 491 605 Epist.
513 511 580 586 832
617 509 749 586 &Nihil
772 517 847 582 Deo
865 511 995 581 clusum
1014 527 1091 599 est.
1109 515 1276 583 interest

226 628 346 694 animis
375 630 499 698 nostris
524 643 559 694 et
584 627 844 714 cogitationibus
879 626 1001 694 mediis
1036 625 1269 698 intervenit.”

167 809 169 816 ,
225 742 321 826 Diog.
351 746 464 810 Laert.
479 741 567 825 vlt,
588 742 660 829 147.
689 743 865 809 Zenonem
880 742 928 806 ita
951 739 995 806 de
1015 741 1088 806 Deo
1109 741 1271 808 statuisse

224 855 412 942 perhibete
445 864 555 934 Κοινῶς
575 875 612 925 ss
638 857 691 926 ssi
723 859 758 926 ri
787 857 877 941 μέρος
899 858 994 924 sirei
1018 855 1055 922 ri
1086 856 1186 933 διῆκον
1211 856 1269 924 διὸ

226 969 371 1046 πάντων,
394 967 432 1034 id
452 984 536 1056 esta
558 969 604 1037 Et
622 983 711 1034 totus
730 983 766 1034 et
788 989 830 1034 ex
852 984 952 1057 parte
969 963 1082 1034 omnia
1099 981 1268 1054 permeat.

218 1081 351 1148 ·Cicerc
367 1080 411 1148 de
437 1085 559 1150 Natus.
577 1082 678 1150 Deos.
699 1081 778 1148 Lib.
799 1081 836 1166 Ι,
861 1105 913 1149 rr.
935 1080 982 1146 ita
1007 1078 1199 1146 Stoicorum
1222 1078 1270 1146 de

226 1195 304 1280 ¹Deo
338 1197 546 1262 sententiam
580 1193 759 1286 exprimite
816 1223 834 1268 t<
852 1194 964 1260 Deum
993 1213 1063 1259 ease
1102 1191 1271 1261 rationem

231 1305 407 1396 quandam
428 1329 645 1395 peromnem
664 1323 820 1376 natmam
839 1308 1096 1397 pertinentem,
1113 1304 1166 1374 rel
1187 1305 1270 1394 sni-

231 1443 325 1488 ruum
348 1443 414 1508 per
430 1435 589 1490 naturam
616 1423 732 1490 rerum
756 1443 893 1490 omnem
918 1421 1092 1489 intentum
1112 1433 1148 1487 et
1168 1441 1272 1490 corrr-¹

229 1531 440 1602 meantem.”
1407 1602 1411 1621 ,

237 1693 241 1700 -
274 1639 383 1713 Porro
409 1645 448 1712 in
473 1646 539 1717 isto
571 1647 664 1719 libro
694 1632 871 1740 Philonist
908 1650 999 1740 Quis
1022 1669 1138 1719 rerum
1161 1643 1306 1712 divius‘
1408 1628 1413 1655 '

229 1759 371 1838 haeres,
401 1759 509 1828 multa
536 1779 674 1848 extant,
706 1787 793 1854 quae
824 1761 938 1831 Stoica
964 1763 1117 1856 ‘sapiunu
1170 1757 1271 1826 Philo

232 1871 302 1955 ibi,
325 1875 413 1940 sicut
436 1875 563 1952 Stoici,
597 1874 725 1943 dividit
748 1874 921 1943 bominem
944 1877 983 1943 in
1011 1897 1160 1968 corpus,
1192 1870 1271 1938 ani·
1310 1918 1313 1922 -
1406 1884 1410 1923 ²

233 2005 324 2053 mam
350 1983 547 2054 sensibilem
559 2003 596 2054 et
613 1997 700 2065 νοῦν,
726 2003 761 2054 et
779 1987 936 2077 loquitur
956 1989 1001 2058 de
1019 1989 1105 2077 adso
1123 2009 1270 2073 σπερμο-

234 2103 308 2186 sisti
340 2121 377 2191 p·
399 2101 486 2186 497,
510 2102 553 2167 D.
595 2101 639 2167 In
668 2101 863 2202 Stoicorum
895 2105 1034 2194 seriptis
1068 2123 1149 2171 vero
1181 2091 1271 2181 adyti

237 2216 449 2298 σπὲθμῦτῑκόν
475 2229 511 2279 et
532 2217 644 2298 λόγους
661 2221 891 2303 σπερματικοὺς
909 2215 1103 2307 saepissime
1123 2232 1272 2281 comme-

236 2327 382 2407 morari,
397 2341 432 2392 et
450 2325 574 2396 Stoicis
589 2331 760 2418 peculiare
774 2330 896 2418 dogma
907 2353 980 2400 esse
997 2330 1042 2398 tie
1060 2330 1163 2412 assos
1184 2349 1273 2411 οπερ·

238 2452 403 2525 uerrutis,
427 2465 483 2509 res
507 2458 558 2511 est
581 2445 767 2513 notissima.
813 2445 890 2513 Cir.
912 2444 1093 2537 Lipsius
1114 2438 1273 2529 Physicis

240 2554 354 2622 Stoie.
393 2543 473 2624 Lib.
498 2555 536 2639 i,
577 2556 713 2628 dissert.
743 2561 776 2629 6.
824 2559 1105 2629 Tiedsmann
1137 2554 1276 2644 System

238 2667 306 2734 der
336 2659 527 2736 Sioi'aclren
558 2657 815 2759 Philosopbie,
847 2674 949 2740 Tum.
970 2673 1031 2755 ·11,
1061 2695 1099 2764 p.
1127 2667 1169 2736 48
1196 2688 1275 2754 sqq·

240 2779 363 2848 iamsi
385 2783 633 2876 concedamus,
656 2785 749 2852 inter
767 2808 817 2853 vs.
841 2807 880 2862 12
895 2801 930 2852 et
947 2787 998 2855 ιδ.
1024 2781 1144 2873 capitis
1164 2775 1275 2869 quarti

172 2940 182 2956 ,
242 2912 277 2962 et
295 2896 360 2961 ista
382 2893 457 2960 loca
480 2893 634 2962 Philonis
662 2899 936 2966 convenientium
965 2898 1116 2987 aliquam
1146 2908 1277 2972 exure,

241 3005 330 3073 inde
347 3027 419 3071 non
444 3005 601 3098 sequitur
624 3027 796 3079 auctorem
823 3022 974 3080 nostrae·
991 3007 1155 3100 epistolae
1178 3004 1278 3071 fuisse

240 3111 529 3190 Alexandrinum.
582 3121 656 3190 Hoc
689 3127 925 3194 tantummodo
955 3126 1129 3218 sequitur,
1160 3115 1280 3187 Philo-¹.

243 3257 324 3304 nem
345 3251 380 3300 et
396 3250 572 3302 auctorem
591 3259 632 3303 ex
654 3239 775 3308 eodem
795 3242 891 3310 fonte
904 3239 1076 3321 hausisse,
1095 3231 1280 3304 et-Stoico-

240 3371 323 3414 rum
343 3345 480 3414 decreta
495 3364 576 3415 ante
595 3351 709 3420 oculos
726 3355 903 3441 habuisse3
924 3351 978 3421 rel
1000 3352 1123 3434 etiam,
1143 3346 1172 3413 si
1189 3340 1281 3410 mul·
1332 3411 1336 3419 ,

242 3475 322 3526 tum
341 3460 590 3545 concedamus,
603 3484 775 3538 auctorem
790 3486 926 3538 nostrae
937 3463 1100 3559 epistolae
1117 3453 1280 3527 nonnalla

247 3573 376 3658 scripta
394 3571 549 3640 Philonis
573 3577 711 3664 legendi
732 3577 944 3652 occasionem
963 3579 1140 3654 babuisse,
1158 3569 1203 3636 de
1220 3589 1285 3658 qua

241 3689 288 3752 're
310 3684 401 3750 infra
425 3687 590 3756 nonnulla
611 3693 784 3764 dicentur.
828 3695 981 3765 Multum*
1001 3690 1043 3757 ab
1063 3681 1284 3754 assertoribus

249 3797 503 3866 Alexandrinae
539 3805 678 3890 originis
709 3809 873 3901 epistolae
902 3822 1039 3875 nostrae
1078 3799 1219 3872 vocibus
1251 3807 1285 3860 et

248 3910 415 4002 loquendi
435 3913 589 3984 ioannis
610 3920 791 3990 insolentia
811 3920 959 4013 quadam
981 3909 1284 4006 conspicuissspis·

249 4025 365 4092 simin
377 4045 491 4096 nostra
510 4031 654 4120 epistola
671 4052 706 4103 et
719 4035 872 4106 Philonis
892 4037 1028 4130 scriptis
1046 4015 1285 4112 obviis,tribtti
1385 4047 1386 4050 ’
1415 4018 1416 4048 ³
