2810 4784
538 377 741 484 (23'1l‘

68 577 224 666 atiena,
247 577 337 648 sicut'
362 574 455 646 'Deus
481 571 523 646 ex
552 579 730 678 machina,
752 579 790 652 in
815 594 939 652 terram
960 565 1161 650 descendit

66 711 118 761 et
152 695 247 775 inter
278 695 433 763 homines
468 693 631 783 dissipata
662 675 738 773 est,
767 692 851 778 sed,
873 708 1073 782 praeparate
1101 670 1157 759 et'

68 790 282 875 sustentata
318 809 485 876 Mosaicae
515 807 688 894 religionis
722 825 757 878 et
791 807 1010 874 ethnicorum
1048 805 1135 898 phi·

66 905 316 1012 losephorum
343 920 500 1013 placitis,
533 923 630 994 brevi
657 941 811 1012 tempore
842 937 892 987 tot
915 919 1071 987 homines
1096 945 1138 992 ex
1179 935 1181 944 ⁴

71 1033 250 1103 omnihus
276 1037 409 1126 populis
435 1052 536 1103 nacta
564 1053 616 1102 est
644 1035 793 1103 fautores
817 1052 851 1102 et
873 1034 1025 1102 asseclas.
1067 1020 1160 1101 lli-¹

74 1139 143 1218 hil
183 1173 263 1235 ergo
298 1149 500 1216 auctoritate
534 1149 706 1236 religionis
742 1146 958 1216 Christianae
999 1147 1137 1236 indigni

74 1265 257 1328 statuitur
297 1264 339 1329 ab
374 1261 450 1343 his,
487 1263 547 1354 qui
570 1277 717 1356 putant,
746 1287 787 1329 ex
818 1262 1012 1330 Stoicorum
1036 1265 1138 1330 etiam

74 1375 229 1464 placitis
266 1393 301 1442 et
337 1375 434 1444 lihris
473 1372 640 1444 nonnulla
672 1401 690 1441 a
718 1373 916 1442 doctoribus
946 1374 1158 1474 primitivae¹

73 1488 253 1557 ecclesiae
282 1488 404 1556 hausta
433 1507 469 1558 et
495 1491 533 1556 in
564 1511 643 1556 usus
681 1488 957 1556 Christianorum
986 1485 1136 1556 transla-

75 1619 117 1670 ta
145 1627 231 1670 esse.
1153 1587 1156 1598 ⁴

109 1707 166 1785 ¹2.
190 1717 354 1797 Deinde,
376 1721 464 1801 ista,
489 1719 639 1809 quaein
659 1719 824 1808 epistolis
846 1713 994 1784 Paulinis
1012 1732 1046 1784 et
1068 1700 1157 1782 no·'

78 1833 248 1899 minatim
272 1831 310 1898 in
332 1832 477 1920 epistola
497 1833 541 1900 ad
574 1833 744 1899 Hebraeos
770 1824 962 1901 Stoicorum
985 1827 1141 1918 dogmata

77 1947 250 2034 sapiunt,
268 1949 403 2014 nullrzm
419 1947 515 2038 apud.
529 1970 590 2016 nos
608 1949 869 2016 auctoritatem
883 1946 1032 2030 habent,
1045 1933 1138 2040 qud·

83 2041 187 2125 niam
209 2059 447 2145 Stoica'sunt,
470 2061 531 2128 sed
562 2061 725 2154 quoniam
743 2060 865 2128 Paulus
887 2059 929 2124 iis
949 2080 1030 2126 usus
1059 2076 1136 2138 est,

87 2163 219 2261 sitaque
239 2173 439 2244 auctoritate
459 2174 644 2266 apostolica
665 2201 704 2242 ea
718 2175 831 2242 sanxit
856 2187 890 2238 et
910 2171 1137 2240 confirmavit.

104 2273 120 2334 ,¹
138 2284 170 2355 3·
193 2273 310 2354 Porro
332 2287 523 2378 apostolum
541 2313 581 2355 ca
600 2287 842 2357 tantummodo
862 2312 882 2352 a
902 2285 1032 2352 Seneca
1056 2311 1137 2376 nou·

81 2383 224 2468 ‚suatum
250 2424 322 2469 esse
350 2401 493 2469 Paulum
522 2425 667 2486 censeo,
702 2425 794 2488 quae
818 2400 988 2488 religioni
1019 2399 1112 2465 Chri
1120 2441 1139 2458 -

91 2515 236 2579 atienae
258 2528 381 2585 essent
403 2515 698 2593 accommodata,
721 2513 862 2599 rejectis
879 2527 913 2578 et
935 2513 1139 2602 improbatis

85 2615 155 2702 iis,
180 2635 266 2715 quae
295 2629 328 2694 ei
354 2643 466 2696 essent
488 2629 669 2694 contraria.
714 2625 808 2694 Hinc
834 2623 956 2695 Paulus
981 2619 1139 2710 nonita,

86 2754 133 2804 ut
152 2737 301 2820 Seneca,
322 2739 533 2830 Christianos
555 2738 599 2807 ad
621 2734 847 2810 constantiam
868 2741 905 2808 in
929 2739 1079 2808 adversis
1103 2728 1139 2809 e't

90 2852 296 2942 patientiam
317 2855 501 2939 malorum,
529 2879 615 2946 quae
647 2857 693 2924 oh
719 2853 892 2940 religionis
924 2853 1138 2922 Christianae

95 2966 343 3038 confessionem
363 2971 649 3062 experiebantur,
672 2970 887 3036 adhortatur.
910 2967 1138 3060 Nequaquam

94 3080 320 3149 autochiriam
349 3083 582 3176 commendat,
610 3101 649 3150 ut
674 3085 804 3179 Seneca
830 3079 873 3148 de
902 3080 1040 3148 Provid.
1064 3083 1135 3148 v1=

97 3217 128 3262 s.
156 3195 294 3266 «Ferte
321 3195 481 3278 sortiter,
515 3201 722 3268 contemnite
751 3193 1011 3288 paupertatem,
1047 3217 1137 3262 con·

97 3310 237 3378 temnite
268 3311 462 3396 fortunam,
487 3317 694 3388 contemnite
719 3329 876 3380 mortem.
922 3309 959 3376 Si
984 3333 1138 3403 pugnare

96 3407 175 3489 n'on
194 3424 320 3504 vultis,
350 3425 430 3494 licet
460 3427 586 3514 fugere.
628 3429 681 3496 Ex
709 3427 869 3496 omnibus
891 3425 1020 3505 rebus,
1053 3425 1136 3514 qu'as

98 3559 168 3602 esse
196 3537 292 3605 vohis
321 3545 526 3609 necessarias
560 3543 651 3612 volui
688 3541 912 3634 (loquentem
946 3535 1138 3604 introducit

99 3649 251 3738 Deum),
269 3648 362 3719 'nihil
381 3650 449 3720 ieci
471 3656 624 3743 facilius,
649 3683 754 3752 quam·
771 3656 870 3724 mori.
912 3653 1027 3719 Prono
1054 3652 1135 3719 ani·

100 3789 184 3831 nram
209 3766 286 3832 loco
306 3770 415 3856 posui.
461 3771 641 3838 Attendite
659 3770 762 3837 modo
778 3787 813 3836 et
831 3767 1012 3846 videbitis,
1034 3793 1136 3856 quain

98 3877 205 3946 brevis
242 3879 285 3948 ad
314 3880 528 3968 libertatem,
560 3902 594 3951 et
626 3909 729 3976 quam
759 3883 916 3976 expedita
943 3883 1046 3948 ducat
1072 3859 1135 3948 iia.

18 4037 20 4042 ·
101 3991 172 4061 Nou
202 4011 271 4066 tam
296 3994 412 4082 longas
440 3997 477 4064 in
509 4001 601 4068 exitu
629 4001 874 4092 vohis,·quenr
900 3977 1136 4071 intrantilins,
