2866 4780
624 363 781 450 (56)

187 541 269 608 teris
291 543 446 632 epistolis
476 541 650 628 Paulinis,
683 560 719 611 et
747 544 913 631 malorem
939 541 991 612 illi
1022 539 1228 632 dignitatem

189 655 296 724 tribui
327 681 431 747 quarn
462 660 499 730 in
529 659 606 745 hisa
641 655 806 750 equidem
841 681 913 728 non
944 655 1066 742 video,
1099 681 1229 752 quam-

88 762 91 770 ’
188 796 287 860 quam
318 771 477 839 nonnulli
506 774 553 840 ita
578 757 709 843 uolunt.
752 771 906 842 Vocatur
931 773 1114 861 κληρονόμος
1141 773 1232 846 πάν-

188 879 268 969 τὶον,
295 886 363 958 i.e.
393 911 464 962 non
488 887 646 954 dominus
673 885 846 962 absolutus
876 887 1049 971 omnium,
1085 883 1145 952 sed
1170 883 1235 976 qui

191 979 381 1066 dominium
413 1018 448 1076 et
480 1003 728 1098 possessionem
768 1001 918 1068 omnium
960 1002 1002 1067 ab
1033 999 1233 1076 alioacoe·

189 1115 265 1204 pita
290 1133 428 1182 vocatur
451 1119 659 1208 πρωτὲτοκος,
683 1117 719 1198 Ι,
743 1118 775 1184 6.
800 1117 886 1196 υἱὸς,
915 1113 1025 1198 ibid.;
1051 1133 1235 1206 praestan·

192 1227 259 1294 tior
276 1227 424 1314 angells3
450 1234 558 1306 πιστὸς
583 1234 621 1300 ὢν
646 1235 688 1317 τῷ
711 1233 872 1309 ποιήσοντι
892 1235 1003 1308 αὐτὸν,
1026 1229 1099 1313 Ill,
1125 1251 1165 1316 23
1185 1233 1239 1302 δοοὶ

193 1345 389 1424 salamirus
405 1345 598 1422 τελειωθεὶς,
621 1343 673 1426 ll,
696 1366 757 1429 103
783 1349 834 1418 hiri
856 1349 891 1414 ri
913 1347 1045 1428 πάθνμοο
1069 1351 1123 1414 τοῦ
1145 1348 1239 1415 laval·

194 1483 249 1529 τον
265 1459 337 1544 δόξῃ
354 1460 406 1532 real
428 1471 504 1543 τομῇ
521 1460 794 1544 ἐστεφανωμένος,
813 1455 925 1543 ibid.3
949 1456 1053 1532 immo
1069 1462 1241 1536 οὶννὸντολοο

196 1569 267 1650 Ill,
293 1594 331 1652 1,
355 1585 433 1636 ante
453 1595 548 1636 suam
565 1572 838 1646 incarnationem
857 1571 1000 1670 quidem
1017 1571 1101 1641 inde
1119 1599 1138 1641 a
1158 1572 1238 1664 pri·

195 1681 339 1750 mordiis
364 1681 487 1749 mundi
506 1682 677 1770 existens,
699 1686 761 1754 sed
780 1689 916 1766 κτονθεὶο
944 1703 979 1755 et
1002 1709 1064 1754 suo
1088 1704 1244 1776 tempore

197 1769 318 1868 missus
348 1797 385 1862 in
406 1797 466 1869 has
493 1813 625 1884 terras,
653 1816 694 1867 ut
717 1801 762 1874 ad
783 1799 985 1900 exequenda
1011 1799 1150 1898 consilia
1177 1799 1244 1866 Dei

197 1936 265 2007 per
281 1908 423 2002 aliquod
442 1928 574 2008 tempus
594 1912 686 1988 inter
702 1913 857 1982 homines
884 1913 1117 2008 hospitaretur
1136 1917 1245 2000 (tt),

200 2038 239 2090 et
263 2025 411 2116 peractis
439 2023 608 2092 mandatis
629 2023 737 2116 gloria
764 2043 882 2102 auctus
906 2025 950 2096 ad
974 2027 1087 2098 Deum
1112 2025 1248 2096 rediret

202 2152 239 2206 et
264 2163 341 2206 oum
364 2164 404 2206 eo
421 2157 593 2227 regnaret.
640 2141 699 2210 Sic
729 2143 832 2218 etiam
853 2142 892 2212 in
926 2143 1066 2211 caeteris
1093 2140 1249 2230 epistolis

203 2251 355 2320 Paulinis
381 2253 475 2320 loeus
497 2253 542 2328 de
570 2253 767 2328 sublimiore
787 2257 915 2325 Christi
934 2275 1057 2334 natura
1084 2272 1251 2326 tractatur

208 2393 225 2438 1
247 2367 329 2436 cor.
353 2365 441 2450 XV,
466 2391 529 2458 ²7·
550 2371 604 2438 28.
637 2371 714 2445 Col.
732 2373 769 2455 Ι,
791 2373 944 2456 15-17.
998 2369 1140 2454 Nullum
1169 2393 1253 2438 uero

204 2471 349 2579 prorsus
373 2481 548 2570 uestigium
567 2481 731 2570 dogmatis
754 2485 799 2554 de
824 2491 907 2585 λόγῳ
926 2489 964 2555 in
987 2483 1137 2554 Paulinis
1166 2485 1250 2573 epi·

208 2601 302 2676 stolis
336 2621 539 2678 occurrere,
562 2613 599 2665 et
626 2599 772 2674 Paulum
790 2603 827 2670 in
849 2597 1116 2670 demonstranda
1135 2595 1252 2664 subli-

210 2715 312 2785 miori
328 2729 450 2784 natura
469 2711 550 2776 lesu
575 2727 721 2781 totume
743 2716 1002 2790 Pharisaeorum
1029 2711 1190 2781 doctrin&
1208 2709 1254 2777 ‘10

209 2819 336 2894 Messa
366 2821 549 2918 pensare,
582 2819 678 2918 quoa
712 2825 786 2900 ..οι
826 2826 1076 2897 uersuum
1105 2825 1254 2893 nunus·
1321 2887 1325 2892 ,
1416 2807 1421 2863 ·'

214 2951 327 3022 lulag,
358 2960 396 3027 p·
424 2938 526 3026 2942,
549 2935 634 3002 mihi
658 2961 730 3006 non
756 2937 962 3026 persuadere
985 2963 1135 3032 possum.
1179 2935 1256 3002 lm·

211 3069 269 3117 mo
299 3045 457 3113 doctrina
487 3047 746 3118 Pharisaeorum
771 3069 807 3118 et
836 3051 1016 3126 doctorum
1036 3047 1259 3116 Judaioorum

214 3161 259 3230 de
283 3157 453 3246 dignitate
473 3160 640 3244 Messiae,
664 3173 751 3251 quae
773 3163 989 3261 temporibus
1011 3164 1091 3230 Jesu
1113 3175 1147 3226 et
1169 3181 1258 3248 apo-

214 3272 381 3340 stolorum
409 3269 576 3356 invaluit,
609 3271 754 3342 multum
779 3273 928 3361 dogmati
951 3271 996 3342 de
1027 3275 1111 3365 λὸμῳ
1133 3267 1261 3336 debere

214 3385 302 3453 mihi
324 3385 475 3452 videtur.

220 3507 246 3528 ¹*
272 3496 385 3564 vas.
427 3501 623 3584 Κονθοοροομῦν
650 3498 857 3582 πονησάμενος
886 3508 946 3569 τῶν
977 3503 1136 3584 οὶμοοροοῶν
1165 3495 1264 3598 ἡμῶν.

101 3634 106 3640 ·
216 3607 367 3678 nubens„
393 3609 565 3686 conrado,
596 3609 650 3676 his
679 3612 790 3679 verbis
811 3609 868 3678 ad·
888 3609 1117 3701 expiatorium
1140 3607 1264 3671 munus

221 3725 323 3802 lesu,
356 3737 468 3786 morte
498 3739 704 3810 peractum.
738 3727 877 3816 respici.
932 3727 1004 3794 Sed
1036 3745 1118 3790 eum
1148 3733 1268 3786 auctor

218 3831 384 3927 opistolae
412 3847 548 3913 noemae
569 3857 817 3924 saepenumero
838 3837 1002 3929 loquatur
1025 3838 1074 3908 do
1098 3839 1268 3924 saluauit·

255 4003 259 4008 .
343 4001 346 4008 i

261 4121 309 4188 (¹¹
322 4117 332 4184 l
351 4116 480 4170 ΜΕΝ
499 4116 575 4186 eihi·
594 4119 639 4172 3¹:
672 4139 685 4172 a
700 4119 770 4185 Quid
780 4120 850 4176 aliud
861 4141 934 4178 voees
944 4081 1076 4184 animum)
1094 4138 1171 4190 quara
1186 4096 1271 4176 Deum

227 4207 378 4274 incorpore
398 4203 508 4258 humanu
528 4203 746 4272 hospitantem?”
