2866 4780
654 360 821 470 ..tut

215 544 336 617 ··libelli
357 539 566 623 intercedit,
597 540 634 614 in
654 564 695 607 eo
715 558 787 624 est,
821 541 918 630 quod,
944 559 1062 613 auctor
1091 545 1259 632 epistolae

224 664 269 732 ad
289 660 481 741 Hebraeus,
506 656 636 746 quippo
656 655 891 733 Christianus,
915 658 1071 726 ultimum
1103 663 1261 733 solatium

225 771 392 845 malorum
425 771 591 859 proponit
624 793 721 858 spem
755 769 892 836 alterius
928 771 1146 864 meliorisque
1179 793 1259 864 post

209 904 371 986 'mortem
385 889 499 965 vitrea
525 881 749 974 philosophus
768 907 869 961 vcro,
893 883 987 975 quod
1002 888 1124 962 attinet
1144 889 1188 955 ad
1203 889 1260 956 al·

227 1017 336 1066 teram
362 999 489 1080 vitam,
524 999 649 1064 dubius
682 998 800 1065 haeret
827 1013 862 1068 et
893 995 1018 1092 placita
1046 1023 1124 1067 auae
1149 1019 1262 1080 rectae

223 1136 369 1204 sequens
389 1111 611 1182 autochiriam
634 1110 868 1194 commendat,
882 1128 917 1178 et
939 1113 1139 1192 contendit,
1154 1119 1260 1184 Deum

225 1226 315 1296 nihil
337 1223 468 1292 facilius
496 1224 616 1290 fecisse
646 1249 748 1314 quam
775 1226 885 1306 mori,
916 1247 1027 1316 prono
1056 1225 1133 1292 loco
1157 1221 1198 1288 ab
1217 1219 1265 1300 'eo

169 1391 173 1396 -
226 1341 374 1418 animam
394 1339 537 1406 hominis
562 1340 707 1426 positam
733 1362 824 1423 esse,
846 1340 983 1413 brevem
1007 1356 1043 1407 et
1068 1334 1265 1428 expeditam

225 1479 296 1526 esse
316 1456 431 1538 riam,
462 1477 531 1544 qua
560 1449 661 1530 homo
684 1476 719 1518 se
746 1455 789 1520 ab
818 1455 975 1520 omnibus
1000 1451 1095 1519 malis
1115 1452 1266 1525 liberare

193 1562 196 1568 ’
224 1559 345 1658 possiti

268 1683 332 1760 111.
356 1682 488 1750 Auctor
508 1678 669 1772 epistolae
690 1680 734 1758 ad
759 1681 932 1748 Hebraeos
955 1680 1047 1760 idem
1075 1702 1262 1766 argomen·
1313 1770 1318 1780 υ
1428 1759 1429 1792 p

228 1814 301 1864 tom
322 1795 453 1862 iisdem
476 1798 668 1863 sententiis
688 1811 833 1878 tractat,
852 1796 983 1882 'quibus
1000 1796 1130 1874 Seneca
1142 1795 1266 1876 utitur.

271 1897 370 1974 Hanc
390 1908 601 1996 singularum
623 1913 869 1975 sententiarum
889 1908 1159 1974 convenientiam
1184 1932 1264 1986 tna-

230 2026 321 2094 xime
351 2019 645 2116 deprehendimus
672 2021 709 2086 in
739 2020 821 2087 locis
851 2022 1026 2111 utriusque
1059 2021 1189 2102 libelli,
1226 2023 1266 2094 in

230 2139 354 2229 quihus
368 2152 523 2206 auctores
541 2156 638 2200 usum
658 2135 899 2226 paedeuticum
914 2134 1141 2204 calamitatum
1160 2161 1178 2198 a
1191 2137 1273 2234 Deo.

164 2339 171 2348 .
227 2251 311 2316 riris
329 2249 428 2328 honis
447 2247 672 2314 immissarum
694 2247 832 2322 docent.
868 2233 1009 2324 'Seneca
1033 2247 1095 2324 has
1118 2263 1264 2324 senten·

228 2365 292 2432 tias
312 2361 471 2449 profert:

272 2479 403 2546 «Inter
422 2475 532 2544 honos
557 2476 648 2544 viros
669 2499 708 2544 ac
736 2479 845 2546 Deum
867 2478 1013 2546 amicitia
1039 2494 1110 2562 est,
1141 2476 1263 2550 conci·-

229 2592 336 2660 liautc
357 2591 494 2658 virtute.
541 2592 733 2658 Amicitiam
753 2593 857 2660 dico?
889 2595 997 2660 Immo
1018 2595 1120 2659 etiam
1139 2616 1264 2658 ncces·

211 2703 344 2790 'titudo
363 2689 397 2770 et
418 2702 620 2781 similitudo.
643 2744 692 2778 -,
707 2709 771 2778 Vir
790 2707 901 2773 bonus
924 2725 974 2772 est
996 2705 1183 2772 aemulator
1200 2705 1268 2770 Dei

230 2836 265 2885 et
285 2843 363 2884 vera
380 2818 579 2906 progenies,
604 2843 707 2908 quem
725 2842 851 2909 parcns
872 2818 930 2885 ille
951 2819 1173 2910 magnificus,
1198 2820 1269 2894 vic·

231 2951 342 3002 tnurm
366 2954 437 3004 non
459 2929 547 2996 lenis
571 2948 730 3010 exactor,
752 2931 843 2998 sicut
858 2937 966 3002 severi
992 2949 1125 3022 patres,
1148 2931 1273 3001 durius

174 3105 178 3112 .
230 3045 365 3113 educat.
409 3045 529 3134 ltaque
553 3069 630 3112 cum
647 3045 775 3115 rideris
798 3047 886 3117 viros
908 3047 1016 3114 bonos
1038 3063 1275 3136 acceptosque·

230 3161 306 3226 Diis.
323 3159 499 3240 laborare,
523 3159 668 3238 sudare,
689 3147 925 3228 malosautem
946 3161 1101 3231 lascivire
1117 3178 1152 3226 et
1172 3159 1268 3238 volu·

228 3271 380 3363 pratibus
404 3269 531 3350 lluere3
555 3272 664 3358 cogita
683 3269 833 3342 filiorum
849 3297 910 3339 nos
929 3270 1095 3340 modestia
1116 3269 1269 3336 delecta·

199 3374 214 3411 ⁸
229 3383 286 3457 ri,'
310 3378 529 3447 vernularum
546 3379 696 3449 licentia.
709 3421 752 3435 -·
765 3383 861 3454 Idem
881 3383 943 3448 tibi
970 3379 1013 3448 dc
1031 3385 1103 3451 Deo
1121 3380 1269 3472 liqueatq
1351 3428 1353 3438 ·

212 3485 362 3560 ‘Bonmn
381 3492 492 3560 virum
517 3519 588 3562 non
613 3496 651 3563 in
676 3491 809 3560 deliciis
836 3493 960 3566 habete
986 3494 1179 3584 experitur,
1202 3492 1264 3572 in-

158 3692 160 3696 .
232 3585 356 3690 durat,
377 3605 442 3673 sihi
464 3604 561 3684 illum
580 3623 778 3698 praeparat.
800 3643 843 3658 -
864 3607 928 3676 Vir
945 3609 1056 3677 bonus
1076 3607 1189 3674 omnia
1207 3603 1272 3671 ad·

231 3743 328 3787 versa
348 3718 607 3786 exercitationes
628 3738 738 3814 putat.
762 3755 804 3774 -
825 3720 962 3789 Marcet
978 3723 1050 3788 sine
1072 3719 1275 3792 adversario.

232 3833 367 3919 virtus3
400 3850 482 3902 tunc
505 3853 670 3926 apparet,
694 3850 823 3932 quanta
848 3836 916 3918 sit,
941 3855 1108 3924 quantum
1134 3834 1272 3920 valeatK

164 3931 170 3942 ¹
233 3946 1271 4048 quantumquepolleat,cum,quidpossit',⁴patientiuostttt·⁴⁴
