2858 4784
655 343 674 425 (
722 349 782 427 17'2
823 339 842 424 )

227 507 317 604 ose,
342 523 402 614 qui
420 519 532 589 adhue
551 519 748 616 superstites
770 535 868 604 suut,
889 519 976 604 loci,
998 521 1182 614 inquibus
1211 547 1297 595 re·

226 639 365 727 ligionis
394 636 608 704 Christianae
637 636 766 704 mentio
793 633 883 700 laeta
912 651 1005 718 erat,
1026 633 1170 704 forsitan
1202 639 1295 706 de-

231 752 297 820 leti
314 767 416 837 sunt,
439 751 519 840 quia
536 751 688 842 iniquius
713 749 884 838 judicium
907 746 951 816 de
975 737 1135 838 religiono
1158 753 1288 820 Chri-

224 868 340 934 stiana
362 867 590 935 continerent.
623 867 700 936 Hue
721 865 835 932 refero
852 861 1039 955 Epistulam
1059 867 1121 955 98,
1143 867 1180 932 in
1201 891 1289 956 qua

226 996 310 1070 post
332 979 490 1048 laeuam
509 981 722 1048 manifestant
740 1001 852 1046 sermo
870 995 921 1046 est
946 977 990 1044 de
1012 1002 1091 1046 sene
1118 971 1285 1070 quodam

229 1093 441 1174 venerabili,
464 1094 570 1162 multa
592 1119 692 1190 passo
715 1111 751 1164 et
767 1092 872 1159 Paulo
896 1091 1067 1162 simillimo
1088 1095 1196 1182 (17¹).'
1243 1105 1246 1116 '

270 1209 403 1274 Eadem
433 1211 522 1277 ratio
551 1225 604 1278 est
630 1211 800 1278 librorum
829 1209 984 1274 Senecae
1017 1212 1061 1275 αι
1089 1207 1278 1277 Philonia.

228 1322 330 1389 Philo
365 1321 440 1390 sine
471 1322 580 1391 dubio
608 1350 668 1409 ea,
700 1305 1062 1416 qnae-llier'omlymii-
1085 1317 1161 1388 cum
1188 1317 1277 1387 lesu

229 1453 437 1504 aotaesseut
464 1455 500 1503 et
525 1459 612 1529 quae
635 1437 779 1528 apostoli
798 1439 841 1506 ad
867 1438 919 1504 ibi
944 1431 1156 1502 fundandam
1180 1437 1272 1503 reli·

228 1549 364 1635 gionam
386 1571 533 1629 novam,
555 1551 725 1618 Mosaioae
752 1553 798 1620 in‘
811 1550 926 1619 multis
946 1550 1140 1634 adversam,
1164 1549 1272 1617 moli-

228 1679 375 1745 rentur,
404 1680 620 1750 cognoverat.
663 1664 706 1730 In
724 1663 819 1732 'libro
843 1678 961 1732 contra
987 1659 1148 1730 Flaccum
1174 1652 1208 1731 et
1231 1665 1273 1732 iu

230 1777 414 1862 Legatione
428 1776 473 1844 ad
490 1777 613 1864 Cajum
635 1789 880 1868 saepenumero
901 1798 1019 1845 rerum
1040 1794 1111 1844 tum
1131 1795 1270 1868 tempo·

232 1893 280 1960 ris
297 1895 333 1958 in
352 1887 539 1958 Palaestina
561 1907 756 1977 gestorum,
778 1891 878 1960 Pilati
899 1893 1051 1979 ejusque*
1063 1895 1272 1980 arrogantiae

235 2005 396 2071 avaritiae
420 2022 455 2071 et
482 2004 668 2091 injustitiae
698 2021 764 2073 eet.
797 2007 1006 2076 mentionem
1032 2005 1114 2073 facit
1138 2007 1199 2089 ita,
1224 2021 1270 2072 ut

225 2133 370 2207 pateat,
393 2116 572 2185 Philonem
594 2109 694 2186 etiam
713 2141 851 2198 eorum,
875 2145 962 2211 quae
984 2118 1028 2187 ad
1043 2119 1164 2188 ‘issum
1182 2122 1275 2206 ejus·

231 2257 309 2325 -que
340 2233 532 2300 doctrinam
563 2249 599 2302 et
629 2230 769 2300 asseclas
797 2233 994 2324 pertinent,
1027 2255 1098 2300 non
1121 2235 1279 2321 ignarum

239 2348 352 2415 fuisse.
397 2346 446 2414 Ut
467 2363 599 2415 taceam
629 2347 671 2416 de
699 2344 814 2413 multis
843 2344 1087 2417 Alexandrinis
1115 2329 1279 2433 sauleis,

243 2464 304 2552 qui
331 2460 426 2532 festis
454 2462 665 2552 temporibus
693 2463 890 2530 catervatim
913 2462 1177 2552 Hierosolymam
1204 2463 1279 2528 ιιιίἑ·

241 2577 389 2663 grabant
416 2590 453 2641 et
482 2565 727 2645 Alexandriae·
725 2575 903 2659 redures,
933 2599 1019 2667 quae
1038 2575 1280 2667 Hierosolymis

244 2689 463 2774 acciderant,
484 2693 674 2758 narrabant
699 2689 805 2758 cuivis
823 2690 1053 2782 popularium
1068 2715 1183 2759 rerum
1206 2715 1275 2760 no-

165 2841 176 2900 ,ς
240 2829 361 2874 rarum
384 2800 522 2894 cupido.
1046 2815 1049 2827 ·

227 2917 359 2988 Sed
379 2940 424 2982 ne
443 2917 549 2982 verbo
573 2915 743 3006 quidem
732 2939 770 2982 ru
794 2917 951 2984 omuibus
968 2919 1108 3006 scriptis
1126 2915 1277 2985 Philonis

230 3047 280 3098 ·ot
299 3028 500 3096 nominatim
518 3029 556 3095 in
577 3054 682 3120 supra
699 3029 869 3112 laudatis,
894 3031 1023 3100 Christi
1045 3035 1185 3126 ejusque
1209 3031 1272 3099 do-

231 3146 376 3214 =otrinae
395 3161 429 3211 et
448 3145 723 3212 Christianorum
744 3144 784 3210 fit
801 3145 940 3211 mentio.
973 3145 1115 3233 Quippe
1139 3145 1274 3234 velpe

231 3259 431 3327 rieulosum
446 3255 583 3325 Philoni
601 3261 663 3326 hae
681 3258 724 3325 da
740 3281 778 3324 re
792 3257 957 3345 judicium
975 3257 1114 3322 serre'
1084 3283 1203 3326 visum
1209 3275 1276 3338 est,

248 3374 301 3443 vel
323 3372 418 3451 loca,
449 3373 485 3438 in
514 3373 639 3465 quibus
659 3373 739 3439 Jesu
771 3374 912 3460 ejusque
936 3370 1112 3443 doctrinae
1134 3375 1278 3441 mentio

249 3511 329 3554 nem
354 3487 454 3566 fecit,
478 3511 497 3552 a
517 3486 719 3556 Christianis
744 3485 854 3554 deleta
879 3501 979 3569 sunt,
1003 3507 1080 3552 eum
1101 3504 1211 3557 essent
1228 3511 1278 3562 re·

234 3602 314 3668 'bu's'
332 3599 604 3670 Christianorum
627 3602 797 3668 contraria
820 3601 917 3690 (18)·

234 3790 237 3798 ι
246 3777 453 3797 Μ

233 3873 237 3880 ’
287 3887 360 3957 (17)
382 3884 463 3939 Plura
480 3885 511 3939 de
529 3887 577 3941 hae
594 3887 704 3957 epistola
718 3897 746 3942 et
760 3859 818 3942 sene
834 3883 977 3940 venerabili
985 3887 1082 3956 ,enjus
1098 3885 1127 3940 in
1138 3904 1170 3940 ea
1191 3889 1280 3944 nasutio

234 3963 301 4042 ut,
318 3974 406 4043 etqui
424 3973 501 4027 Paulo
518 3975 667 4029 simillimus
684 3987 741 4045 est,
758 3953 1000 4028 infradiceuturiu
1017 3974 1157 4046 capitali,
1175 3976 1205 4030 E.

292 4062 365 4133 (18)
384 4061 416 4116 lu
438 4080 467 4116 eo
486 4062 568 4118 habeo
588 4062 770 4118 assentientem
783 4059 886 4118 beatum
905 4061 1116 4128 Tmohirutrum,
1134 4064 1179 4134 qni
1199 4065 1225 4116 iu
1237 4079 1281 4116 uo·
