2858 4784
605 361 626 476 i
671 385 732 459 126
776 389 797 478 )

26 607 42 666 j
127 583 130 592 '
183 577 368 660 dicentur,
397 575 566 666 incoque
592 573 769 660 vestigium
798 553 1056 643 non-Patriinse
1077 544 1221 665 originii

181 693 285 780 hujus
302 687 465 781 epistolae
485 685 754 775 deprehendisse
767 686 904 776 'opinati
923 702 1015 754 sont.
1059 685 1217 777 flagras

184 804 428 894 (Eirileittmg
447 801 491 867 Τ.
505 799 562 884 ΙΙ,
584 821 620 889 p.
631 799 730 890 469.)
754 816 893 882 monet,
915 799 1073 868 ecciesiae
1094 804 1215 874 Palae·

108 943 111 948 ’
184 925 349 988 stineoses
370 919 405 982 in
419 939 467 982 ‘eo
485 913 635 982 diversas
652 912 695 978 ab
713 909 785 977 aliis
804 911 953 978 ecclesiis
973 913 1100 998 fuisse,
1123 919 1218 1006 quod

184 1055 256 1098 non
271 1019 384 1096 aoium‘
400 1055 418 1095 a
438 1026 671 1118 presbyteris,
694 1023 756 1090 sed
777 1024 819 1090 ab
834 1025 916 1114 ipsis
933 1023 1117 1113 apostolis,
1138 1051 1168 1094 e.
1188 1053 1221 1120 g.

100 1175 102 1178 ·
186 1141 315 1210 Jacobo
334 1157 368 1207 et
386 1131 541 1207 iohanne
564 1159 751 1227 eorumque
773 1137 872 1204 sociis
893 1137 1049 1206 Bernaba
1072 1156 1108 1206 et
1128 1140 1221 1227 Sila,

186 1264 406 1342 regerentur,
426 1268 460 1318 et
476 1250 538 1317 hos
556 1249 786 1338 apostolorum
795 1248 903 1316 socios
920 1253 1034 1316 vocari
1046 1253 1125 1321 Act.
1135 1253 1220 1338 XV,

188 1389 255 1450 sn,
277 1367 597 1453 ἄνδραςήγααμὲνανς.
631 1363 790 1432 Fortasse
807 1362 973 1430 antistites
991 1359 1221 1435 Hebraeorum

92 1501 96 1508 ’
187 1477 355 1548 vocantur
368 1481 530 1561 ἡγαύμειιι
547 1498 627 1544 cnm
643 1475 791 1566 quadam
809 1475 1000 1544 reverentie
1013 1495 1093 1562 erga
1108 1477 1224 1547 iesum

189 1607 224 1661 et
247 1604 408 1684 respectu
432 1587 478 1653 ad
504 1609 603 1671 eum,
633 1589 695 1680 qui
726 1605 869 1659 vocatur
898 1591 1039 1677 aipxnyic
1068 1585 1138 1656 XII
1146 1635 1158 1667 ,
1180 1608 1225 1671 ι,

188 1706 321 1796 primus
346 1703 438 1769 inter
455 1705 641 1788 ἡγουμέναις
660 1689 960 1788 ebriatianornm,
982 1707 1096 1789 ποιμὴν
1118 1709 1227 1791 μέγας

188 1842 238 1887 rs.
259 1839 311 1886 21.
346 1813 428 1885 ssd
450 1815 492 1883 de
512 1817 579 1884 hac
594 1838 677 1885 voce
693 1817 732 1882 in
755 1813 870 1908 capite
887 1813 1008 1886 ultimo
1029 1841 1122 1886 meae
1145 1835 1223 1888 tra-

189 1930 346 1996 ctationis
371 1929 474 2016 plura
498 1927 673 1994 dicentur.

170 2035 173 2040 ’
234 2039 292 2109 Ad
315 2065 364 2109 vs·
384 2043 436 2109 16·
471 2049 540 2118 Τῆς
556 2045 694 2119 ruinosius
709 2043 764 2112 sai
784 2045 937 2122 κοινωνίαις
952 2047 997 2128 μὴ
1015 2047 1223 2118 taisnaiu-
1284 2077 1290 2122 ·.

191 2164 263 2229 sie·
301 2157 462 2233 τοιαύταις
483 2159 546 2240 γὰρ
563 2144 695 2234 ’iecisse'
734 2161 897 2242 εὐαρεστεῒ
921 2163 937 2228 i
965 2161 1039 2230 tad.
1094 2159 1225 2229 Seneca

140 2313 144 2322 ·
191 2273 303 2365 Epist.
324 2274 386 2362 95²
422 2268 518 2340 «vis
533 2269 622 2336 Deos
645 2269 864 2362 propitiare?
899 2275 1009 2340 Bonus
1028 2288 1122 2358 est03
1145 2271 1225 2343 satis

189 2385 267 2454 ilios
307 2383 432 2459 coluit,
467 2383 623 2472 quisquis
651 2381 800 2454 imitatus
829 2383 919 2455 est.’'
959 2387 1011 2454 De
1046 2389 1223 2475 Ben.1V,

191 2506 254 2572 26:
300 2529 319 2572 α
337 2499 375 2566 si
402 2498 493 2565 Deos
518 2496 680 2576 imitaris,
701 2495 748 2570 da
769 2515 805 2566 et
828 2500 969 2588 ingratis
993 2502 1223 2588 beneficium,

116 2685 121 2689 ,
189 2639 270 2684 nom
289 2629 324 2684 et
345 2611 395 2680 sol
414 2613 524 2678 oritur
544 2610 756 2681 sceleratis.”
791 2613 962 2698 v11,51:
999 2617 1092 2688 «Dii
1110 2617 1223 2686 bene.

71 2805 73 2815 ¹
187 2711 269 2798 iicia
292 2725 529 2815 ignorantibus
555 2724 638 2793 dare
662 2727 857 2817 incipiunt,
892 2729 1035 2816 ingratis
1058 2753 1222 2821 perseve-

86 2849 88 2861 '
190 2862 291 2926 rant,
314 2865 409 2908 more
429 2839 635 2932 optimorum
655 2855 860 2930 parentum,
883 2845 943 2936 qui
960 2829 1150 2915 maledictis
1168 2846 1223 2917 in·

187 2940 323 3028 iantum
348 2975 488 3019 suorum
508 2951 684 3038 arrident,
721 2976 793 3020 non
822 2973 953 3026 cessent
967 2942 1031 3028 ''Dii
1055 2959 1224 3030 beneficis

192 3092 396 3158 congerere,
431 3084 599 3154 spargunt
623 3069 827 3160 opportunis
847 3073 1015 3141 imbribus
1036 3085 1155 3140 terras.
1181 3107 1224 3128 -ι

187 3185 363 3256 Imitemur
391 3179 506 3248 illos.'’
548 3178 747 3264 Notandum
774 3202 844 3263 est,
868 3204 1040 3256 auctorem
1066 3203 1224 3260 nostrum

188 3315 328 3392 praeter
349 3293 466 3363 vocem
489 3301 610 3368 εὖαιαιΐαι
629 3291 748 3385 (irrui
765 3303 866 3388 λεν.)
895 3301 945 3366 uti
963 3301 1130 3371 vocabulo
1153 3297 1223 3375 ιιαι·

188 3417 299 3494 ιωνίαι,
323 3433 392 3498 quo
413 3427 447 3478 et
467 3401 565 3498 cujus
586 3409 747 3480 derivatis
765 3411 871 3488 Stoici
889 3437 989 3504 saepe
1009 3408 1155 3484 ittuntur
1173 3411 1220 3484 ad

188 3523 404 3602 docendum,
426 3523 600 3592 hominem
620 3541 738 3596 natum
757 3549 850 3610 esse,
863 3543 902 3604 ut
920 3507 999 3596 cum
1015 3525 1089 3595 aliis
1110 3530 1222 3616 vivat,

132 3686 136 3697 ·
187 3641 259 3708 aliis
278 3639 460 3730 inserviat,
483 3638 554 3704 aliis
571 3632 776 3707 benefaciat.
799 3635 929 3708 Anton.
947 3633 1033 3722 Vll,
1055 3646 1119 3715 552
1149 3646 1224 3714 Pri.

145 3799 153 3808 s
185 3755 330 3838 marium
357 3751 396 3818 in
421 3753 568 3820 hominis
592 3773 715 3822 nature
742 3760 852 3826 estrei
880 3762 1054 3830 ιιαιιαινιιιὸν.
1098 3761 1152 3844 X,
1175 3763 1196 3829 6
1207 3786 1220 3827 ι

188 3875 284 3942 Οὐδὲν
306 3871 411 3954 reaigo
436 3872 641 3950 αὶκαιιώνηναν.
690 3869 751 3942 ,Sia
765 3879 808 3937 'ct
833 3870 870 3936 in
894 3871 966 3938 aliis
989 3872 1085 3942 locis.
1128 3873 1220 3940 Num

187 3987 321 4056 κοινωνίαι
342 3979 409 4050 boc
434 3978 511 4048 loeo
537 3980 678 4051 denotet
700 3985 881 4072 pecuniam
905 3983 1046 4078 publice
1072 3986 1109 4054 in
1140 4007 1224 4053 usus
