2810 4784
599 368 614 454 (
656 387 720 455 219
760 367 781 461 )1

217 579 248 626 2.
269 554 469 642 Suspectam
488 549 602 616 multis
621 547 776 618 reddunt
795 547 960 637 originem
979 561 1112 624 nostrae
1133 549 1212 641 epi-

173 668 287 740 stolae
302 665 479 735 Paulinam
502 663 648 730 dicentii
676 676 715 731 et
741 661 928 730 tractandi
947 645 1065 750 gertus
1082 663 1214 732 Psilo-

176 784 299 854 nianis
310 779 463 868 seriptis
483 780 617 855 simite,
634 793 669 843 et
686 779 931 843 convenientia
949 778 1106 844 beorum
1126 759 1217 864 qaro-

176 898 334 968 rundnm
354 917 435 962 oum
456 892 623 960 Philonis
643 892 814 988 scriptia,
828 907 862 956 et
876 890 1036 978 phrases
1057 889 1095 957 in
1117 890 1217 956 Phi-v

178 1014 269 1080 lonis
287 1009 436 1098 seriptis
450 1009 594 1095 passim
616 985 752 1074 obuiae.

160 1121 179 1177 =¹
218 1125 334 1196 Nolim
360 1145 508 1208 negare,
532 1121 570 1188 in
598 1119 752 1208 Epistola
780 1119 823 1187 ad
850 1119 1024 1188 Hebraeos
1052 1118 1222 1188 nonnulla

176 1236 378 1307 Philoniane
399 1235 560 1326 reperiri.
606 1237 696 1304 Num
713 1256 795 1304 vero
816 1232 900 1302 inde
917 1232 1102 1326 sequitur,
1124 1233 1219 1300 Pau-

174 1352 249 1420 lum
261 1374 333 1420 non
346 1373 419 1418 esse
434 1329 607 1442 auctorem
623 1365 759 1418 nostrae
777 1344 962 1437 epistolae,
985 1346 1045 1414 sed
1063 1344 1222 1413 Alexan-

178 1464 319 1538 drinum
335 1463 510 1556 quendam
531 1463 730 1546 doctorem,
753 1461 956 1530 nominatim
975 1458 1224 1550 Apollonium?

177 1581 304 1648 Nonne
333 1581 435 1644 etiam
463 1577 587 1674 Paulus
616 1579 747 1666 scripta
770 1575 926 1646 Philonis
952 1573 1065 1673 legere
1087 1575 1226 1662 potnit?

179 1693 308 1770 Immo,
328 1691 449 1784 positis
466 1692 525 1768 iis,
541 1714 628 1782 quae
651 1713 756 1782 supra
776 1689 821 1756 de
838 1690 970 1775 origine
987 1707 1124 1756 nostrae
1145 1693 1228 1778 epi-

180 1805 286 1874 stolae
301 1804 516 1898 exposuimus
529 1853 543 1889 ,p
558 1821 791 1891 opportunam
809 1804 916 1870 libros
934 1803 1227 1898 Philonianosle-

179 1896 291 2006 gendi
306 1918 520 2010 occasionem
541 1933 744 2015 nactusest.
796 1917 896 1987 Philo
923 1919 1015 1990 enim
1034 1939 1126 1984 auno
1149 1933 1228 2008 post

181 2033 266 2102 chr.
283 2057 320 2098 u.
336 2034 391 2104 41.
415 2033 510 2120 (Cir.
532 2028 788 2100 BeekWelt·
802 2032 880 2098 und
894 2031 935 2102 V
932 2032 1226 2126 ‹i'lkergeeclriola-

111 2203 115 2212 ,
183 2159 241 2228 te,
263 2145 431 2226 Tomll,
454 2167 491 2232 p.
510 2145 598 2231 594,
620 2159 693 2209 not.
715 2157 743 2212 t.
766 2161 802 2211 et
823 2144 1105 2244 Schroeolrhp,
1129 2143 1227 2212 Kir-

183 2261 309 2347 obeng.
333 2260 434 2326 Tom.
458 2257 511 2340 II,
534 2282 570 2346 p.
596 2281 687 2355 ¹⁰⁰¹?-
705 2257 767 2344 qui
786 2255 891 2322 habet
911 2252 1042 2326 annum
1066 2258 1131 2346 49)
1152 2260 1238 2340 flor

74 2407 76 2412 ’
181 2396 256 2442 mae
280 2371 366 2454 fuit,
398 2394 476 2439 cum
499 2372 665 2460 princeps
692 2368 868 2456 legationis
892 2369 1054 2438 iudaicae
1073 2370 1229 2457 Alexan·

183 2486 262 2554 dria
283 2487 425 2556 Romam
459 2485 503 2550 ad
531 2483 720 2569 Caligulam
755 2482 973 2562 mitteretur.
1010 2500 1051 2550 ut
1073 2509 1115 2552 ex
1138 2468 1231 2570 libro

182 2603 256 2689 ejus
277 2615 356 2692 post
374 2597 508 2664 obitum
526 2594 700 2683 Caligulae
718 2598 849 2684 scripto
868 2597 930 2662 sub
952 2595 1077 2666 titulo:
1100 2599 1231 2690 Legn-

185 2716 238 2782 tio
250 2717 309 2780 acl
330 2713 461 2800 Cajum
477 2724 514 2778 et
532 2711 704 2782 Virtutes
726 2711 811 2800 Caji
829 2726 937 2798 patet.
968 2712 1035 2778 Hie
1052 2710 1143 2807 liber
1157 2738 1229 2782 oo-

183 2852 258 2896 ram
280 2825 406 2896 Senatu
426 2827 581 2893 Romano
600 2825 769 2899 lectuset
793 2823 841 2890 ita
861 2821 1018 2892 laudatus
1039 2850 1112 2894 esse
1137 2827 1231 2896 diui·
1307 2869 1315 2888 .

185 2955 267 3028 tur,
290 2957 329 3006 ut
351 2956 486 3006 caetera
497 2941 570 3025 ejus
590 2940 721 3028 scripta
740 2938 846 3024 digna
858 2938 1014 3024 judicata
1026 2939 1098 3007 sint
1109 2989 1120 3024 ‚
1145 2965 1231 3030 quae

184 3058 225 3124 iu
254 3054 482 3122 bibliothecas
513 3056 640 3120 Romae
674 3052 831 3142 publicas
864 3052 1094 3121 referrentur.
1157 3055 1231 3126 ess.

187 3172 301 3239 Cave
324 3169 474 3238 Hister.
496 3157 618 3238 Lirem
639 3166 677 3233 P.
695 3167 732 3260 l,
753 3189 839 3232 saec·
860 3169 893 3236 5.
939 3165 976 3235 Si
994 3166 1047 3233 vel
1072 3167 1138 3234 hoe
1161 3169 1231 3234 du·

185 3285 282 3354 bium
309 3299 416 3368 esset,
450 3298 543 3348 certe
565 3282 694 3373 scripta
719 3279 804 3346 tanti
831 3277 1005 3358 doctoris,
1038 3304 1104 3367 pro
1125 3282 1233 3348 salure

186 3396 407 3486 popularium
419 3398 547 3464 Romae
559 3393 810 3492 periclitantia,
826 3393 970 3460 ‘ludaeis
984 3394 1110 3462 Romae
1133 3418 1232 3479 oom-

186 3512 398 3578 morantibus
427 3535 497 3579 non
528 3513 645 3598 ignota
666 3508 872 3592 manebant,
903 3485 965 3573 sed
989 3506 1144 3596 exempla
1170 3533 1233 3574 eo·
1323 3509 1326 3518 '

187 3648 266 3694 rum
298 3626 335 3689 in
358 3626 543 3692 multorum
566 3624 723 3689 manibus
747 3625 984 3689 versabantur.
1039 3617 1235 3710 Quid'mi-
1270 3699 1274 3701 ,

188 3763 288 3823 rum,
312 3739 341 3805 si
361 3738 504 3824 Paulus,
524 3756 656 3806 tantum
684 3715 845 3824 temporis
872 3735 997 3802 Romae
1026 3756 1237 3804 commorans

112 3867 114 3872 “
188 3853 361 3943 nullisque
376 3853 557 3920 itineribus
574 3871 612 3922 et
629 3831 772 3938 negotiis
793 3849 995 3935 distractus,
1015 3849 1170 3918 Philonis
1186 3849 1236 3922 li-

189 3970 269 4035 bros
285 3965 468 4033 nonnullos
484 3967 648 4034 lectitarit
663 3984 699 4032 et
719 3966 802 4032 inde
824 3967 996 4033 nonnulla
1012 3964 1149 4034 Philoni
1166 3992 1235 4054 pe-

193 4082 569 4153 euliuriaassumserirt
600 4080 698 4170 Quid
717 4081 841 4150 mirum
847 4130 864 4170 ,
890 4083 938 4165 si,
963 4080 1142 4170 epistolam
1166 4107 1235 4149 no-
