2866 4780
621 426 770 516 (43)

179 613 342 697 26:283
374 613 419 697 V,
436 613 480 690 8.
495 637 527 702 9.
584 611 715 681 Locum
740 611 793 697 11,
812 631 854 701 9:
885 613 995 690 'orac
1013 609 1124 698 χάριτι
1146 613 1214 681 θεοῦ

182 731 256 814 ὑπὲρ
282 727 400 805 acaria
428 731 582 810 γεύσηται
606 731 737 799 θανάτου
763 725 868 794 citare
894 725 1023 804 nolim,
1056 725 1218 818 quoniam

177 842 361 932 explicatio
382 841 515 930 phrasis
540 847 613 928 ὑπὲρ
637 847 775 920 παντὸς,
795 865 863 929 pro
894 853 970 908 toto
990 864 1121 929 genere
1142 841 1219 906 lut·

178 979 307 1038 mono,
340 953 393 1023 vel
422 981 494 1045 pro
514 957 704 1040 omnibus,
731 953 813 1024 falsa
844 956 930 1024 milri
955 977 1027 1024 esse
1057 950 1217 1037 videtur,

151 1137 155 1146 ,
178 1065 275 1159 quod
297 1068 389 1136 infra
409 1071 548 1138 uberius
572 1071 717 1142 docebo.

186 1185 192 1204 ¹
221 1209 258 1266 γ.
288 1181 424 1252 Deinde
453 1185 615 1274 docetur,
649 1189 786 1257 volenti
808 1188 899 1254 Jaru
921 1185 987 1251 ista
1011 1181 1099 1248 mala
1120 1179 1216 1248 aeci-

178 1293 282 1366 disse.
311 1299 420 1366 Hebr.
443 1289 516 1384 IX,
534 1303 598 1370 142
621 1307 832 1389 Προςῆνεγκεν
851 1305 961 1372 teratu
982 1304 1025 1385 τῷ
1043 1303 1108 1382 θεῷ.
1144 1299 1218 1381 Ap·

138 1456 140 1460 f
174 1413 328 1504 plicatur
349 1411 392 1479 ad
416 1413 531 1482 Jesum
552 1415 702 1482 Psalmus
728 1417 792 1484 XL
817 1435 853 1484 et
872 1415 986 1483 verbis
1013 1410 1139 1478 Psalmi
1157 1408 1216 1475 lo·

177 1549 290 1616 quens
313 1526 576 1598 introducitur:
610 1532 690 1604 ’teat
710 1533 771 1612 ἥκω
796 1536 853 1602 coi
875 1539 1021 1610 ποιῆσαι,
1044 1533 1058 1599 ὅ
1080 1530 1165 1607 θεὸς,
1180 1527 1217 1596 sd

178 1641 302 1724 θέλημά
325 1668 391 1710 σου.

224 1755 253 1824 i·
284 1751 445 1844 Denique
475 1772 593 1824 auctor
617 1756 780 1846 epistolae
801 1772 938 1823 nostrae
965 1751 1071 1836 dicit,
1102 1751 1217 1818 lesum

176 1889 359 1933 aerumnas
388 1871 508 1936 mortis
531 1888 694 1939 cruentae
713 1890 747 1938 et
771 1867 1015 1958 ignominiosae
1038 1863 1217 1955 pertulisse

155 2001 218 2045 ·ex
248 1979 398 2049 decreto
427 1981 547 2050 divino
579 2008 643 2076 per
663 1984 851 2074 prophetas
884 1983 929 2050 V.
955 1983 999 2048 T.
1032 1979 1214 2072 patefacto.

173 2093 251 2160 lluc
280 2111 415 2182 spectat
437 2075 555 2164 'Heba
579 2099 649 2182 lX,
676 2077 735 2167 14¹:
771 2095 930 2165 Christus
955 2119 991 2162 se
1014 2093 1140 2162 obtulit
1164 2099 1216 2166 διὰ

171 2209 353 2292 πνεύματος
378 2217 516 2290 cicalae,
540 2213 618 2294 vel,
643 2230 680 2279 ut
710 2211 766 2280 alii
794 2211 935 2292 volunt,
957 2215 1010 2284 iria
1037 2211 1216 2294 πνεύματος

174 2324 288 2407 ἁγίου,
321 2323 457 2411 idest,
485 2326 677 2396 secundum
704 2327 883 2396 decretum
907 2327 1091 2402 divinum,
1118 2321 1215 2414 quod

171 2439 319 2532 deiparat
340 2439 426 2522 tyra
454 2445 698 2531 perducamini
725 2444 903 2526 πνεύματος
929 2443 1043 2519 ἁγίου,
1077 2439 1214 2504 2Petr·

169 2549 210 2629 I,
230 2573 291 2635 τι,
311 2551 348 2619 iu
361 2555 499 2648 scriptis
511 2557 557 2627 V.
571 2557 618 2621 T.
633 2553 888 2641 patefecerunt.
908 2549 1014 2618 Plura
1035 2547 1081 2617 de
1097 2548 1215 2641 phrasi

170 2672 298 2748 marina
318 2668 435 2737 uitiator
455 2666 548 2733 infra
568 2666 743 2732 dicentur.

217 2777 351 2846 Seneca
369 2779 507 2848 easdem
531 2800 648 2848 causas
671 2777 794 2864 affert,
816 2803 857 2848 ex
879 2777 1005 2872 quibus
1028 2775 1215 2870 providen-

172 2889 221 2959 tia
246 2890 362 2961 divina
389 2895 489 2962 bonis
517 2895 598 2963 viris
632 2893 720 2964 mala
746 2911 781 2964 et
811 2895 1017 2963 calamitates
1039 2892 1213 2960 immittat.

175 3001 308 3072 Scribit
320 3006 364 3074 ad
382 3005 554 3076 Lucilium
572 3011 612 3076 in
630 3007 753 3077 libello
768 3008 812 3076 de
829 3007 1069 3099 providentias
1092 3039 1108 3082 a
1127 3009 1214 3076 Dico

117 3199 119 3202 Ι
146 3117 257 3217 pista,
294 3146 382 3212 quae
413 3139 451 3190 tu
480 3147 581 3192 vocas
611 3147 756 3212 aspera,
789 3124 954 3203 adversa,
986 3123 1215 3194 abominanda

167 3234 292 3322 primo
303 3260 378 3324 pro
393 3240 487 3326 apris
501 3239 626 3330 (bonis
640 3238 722 3306 viris
733 3243 749 3325 )
761 3262 853 3317 esse,
877 3239 1003 3330 quibus
1024 3235 1209 3310 accidunta

172 3349 301 3416 deinde
315 3375 387 3438 pro
410 3356 615 3438 universis,
638 3377 784 3446 quorum
807 3355 916 3439 major
942 3375 1023 3417 cura
1045 3350 1116 3416 Diis
1141 3365 1213 3430 est,

174 3486 278 3550 quam
305 3465 529 3554 singulorum.
588 3469 771 3538 Porthaec
799 3465 1005 3534 volentibus
1034 3465 1212 3534 accidere.

174 3571 247 3642 His'
266 3576 427 3664 adjiciam
444 3581 533 3669 fato
555 3582 621 3649 ista
646 3580 772 3650 ficri.’'
826 3579 899 3645 Hoc
924 3577 1046 3645 ordine
1069 3575 1140 3644 toto
1162 3577 1213 3643 li·

174 3687 268 3786 bello
284 3692 479 3786 procedens
505 3695 670 3789 exponit,
702 3718 764 3763 cur
792 3691 891 3757 bonis
915 3694 1000 3762 viris
1027 3673 1116 3758 mala
1140 3692 1212 3759 im·

172 3806 375 3892 mittantur,
406 3828 440 3878 et
471 3813 611 3877 uberius
635 3807 807 3893 ostendit,
840 3807 928 3876 mala
955 3807 1019 3873 ista
1043 3831 1116 3875 esse
1141 3805 1231 3874 ne?

154 4011 158 4018 ι
174 3911 347 4016 quaquam
367 3923 552 4012 ejusmodi,
574 3943 613 3992 ut
637 3923 726 3992 viros
747 3920 876 4012 probos
894 3949 912 3990 a
931 3923 1005 3990 veri
1023 3937 1059 3990 et
1076 3921 1212 3991 honesti

172 4027 307 4103 tramite
327 4037 491 4107 recedere
513 4056 647 4125 cogant.

215 4151 424 4240 Discrimen,
447 4152 541 4245 quod
562 4155 656 4218 inter
675 4149 766 4218 hanc
782 4147 1017 4219 tractationem
1035 4151 1212 4244 utriusque
