2858 4784
645 417 836 506 (¹25i

219 594 348 692 imitari
366 619 401 676 et
421 604 476 671 its'
488 603 532 672 ad
549 601 944 696 altiorem'perfeotiouis
966 599 1111 690 gradum
1129 623 1254 674 ascen-

217 703 304 790 dere
327 717 493 810 velimus3
517 697 766 784 contumetiam
783 713 953 802 judicium
967 713 1017 784 'de
1033 739 1116 786 vero
1135 734 1171 785 et
1186 715 1259 786 fal·
1305 797 1307 803 Α

221 861 259 904 so
281 834 509 925 adipiscamur
534 849 673 894 necesse
690 842 752 899 est.
787 827 917 896 Seneca
935 829 1034 918 epist.
1056 831 1099 918 95
1107 854 1118 898 ι
1141 829 1259 900 «Non

219 946 388 1039 contingit
407 925 641 1034 tranquillitas
658 936 781 1007 mentis
800 957 843 1009 ex
858 927 986 1010 virtute
1008 939 1176 1025 oriunda,
1192 929 1261 1009 nisi

217 1060 426 1130 immutabile
453 1060 651 1144 certumque
675 1051 844 1139 judicium
865 1043 1023 1146 adeptiss
1047 1056 1173 1135 caeteri
1187 1051 1258 1120 de·

217 1161 339 1265 piduut
357 1163 507 1238 subinde
529 1185 565 1236 et
587 1186 806 1258 reponuntur
830 1183 865 1235 et
886 1161 977 1236 inter
999 1169 1119 1235 omissa
1141 1188 1259 1266 appe-

217 1287 347 1374 tituque
389 1283 613 1348 fluctuantur.
669 1279 707 1348 Si
745 1277 793 1348 vis
831 1277 952 1348 eadem
984 1301 1120 1368 sempor
1150 1275 1263 1364 velle,

209 1421 298 1465 ,vern
316 1409 452 1488 oportet
467 1391 590 1463 relis.’'
635 1390 746 1484 Epist
767 1391 830 1458 312
866 1387 1059 1460 «Perfecta
1076 1390 1184 1459 virtus
1205 1405 1259 1462 ert

217 1507 423 1598 aequalitas,
447 1520 485 1572 et
506 1522 603 1572 tenor
624 1505 714 1572 ritae
735 1477 930 1598 peremnia
951 1493 1018 1568 sibi
1043 1523 1263 1588 consonans,

215 1616 312 1709 quod
337 1638 407 1684 non
428 1631 660 1706 potestesse,
690 1617 758 1686 nisi
784 1637 902 1685 rerum
921 1614 1064 1684 seientia
1081 1615 1259 1702 contingat

214 1748 251 1799 et
271 1753 347 1807 ars,
368 1751 433 1821 per
456 1745 559 1820 quam
580 1726 699 1798 divina·
718 1746 755 1796 et
774 1728 925 1795 bumana
945 1726 1171 1796 ιιοιιιιιιιιιιΨ

257 1840 316 1912 Ad
336 1865 386 1910 vs.
409 1855 484 1930 ’γει
514 1865 566 1942 ¹7·
610 1843 751 1932 Quanta
769 1839 961 1909 reverentia
979 1839 1111 1910 Seuera
1130 1825 1251 1944 nolue-

214 1957 264 2024 rit
296 1954 479 2049 sapientiae
511 1937 691 2035 doctores,
721 1950 759 2018 id
792 1975 835 2018 ex
858 1949 975 2018 multis
1006 1971 1151 2039 operum
1182 1952 1258 2037 ejus

214 2065 299 2136 locis
318 2083 424 2175 patet.
466 2064 578 2153 Epist.
600 2064 662 2134 64.
697 2063 896 2154 s(Quibus
917 2061 1119 2152 sapientiam
1140 2061 1256 2130 debe-

215 2179 379 2270 mus)-”,
357 2203 383 2246 ιι
403 2161 616 2272 suspiciendi
633 2193 668 2242 et
682 2177 754 2242 ritu
770 2182 919 2247 Deorum
941 2163 1088 2243 uolendi.
1120 2165 1257 2264 Quidni

206 2318 278 2382 -ego
309 2315 512 2380 magnorum
540 2291 695 2359 virorum
721 2307 755 2358 et
778 2292 941 2378 imagines
962 2279 1137 2354 habeam
1127 2285 1299 2384 muita-n¹

134 2436 140 2448 ·
213 2423 329 2475 menta
343 2405 497 2484 virtutis,
515 2420 550 2474 et
570 2403 697 2470 natales
717 2400 916 2484 oelebsemi
942 2387 1078 2492 Quidni
1092 2398 1167 2466 illos
1186 2400 1258 2468 ho-

214 2521 310 2587 noris
335 2537 437 2586 eausa
455 2537 590 2622 semper
617 2507 814 2606 appellem?
859 2513 972 2595 Quam
1004 2512 1258 2582 venerationem

214 2629 503 2726 praeceptoribus
528 2628 612 2693 meis
630 2625 767 2707 debeo,
789 2623 935 2691 eandem
957 2621 1024 2690 illis
1043 2641 1255 2716 praecepto·

215 2745 312 2812 ribus
332 2744 464 2830 generis
483 2737 647 2822 humaui,
669 2761 689 2802 a
712 2671 836 2826 quibus
861 2723 948 2802 tanti
966 2734 1077 2802 boni
1066 2733 1164 2800 mitia
1181 2725 1255 2802 llu-

214 2872 349 2935 serant
392 2847 430 2924 Si
451 2848 623 2918 consulem
646 2841 767 2916 videro
790 2866 848 2917 ant
868 2866 1085 2940 praetorem,
1109 2848 1254 2934 omnia,
1333 2877 1335 2884 ⁴

213 2971 339 3060 quibus
363 2961 476 3036 honor
495 2949 618 3026 baberi
639 2952 764 3027 honori
783 2961 890 3046 solet,
913 2962 1053 3046 faciam3
1077 2983 1167 3052 equo
1185 2959 1255 3027 de·

140 3111 142 3116 ·
212 3071 343 3165 sillam,
362 3096 466 3167 caput
483 3063 702 3166 adoperiam,
723 3075 842 3140 semita
861 3065 991 3142 cedam.
1027 3075 1124 3166 Quid
1144 3065 1251 3166 ergol

209 3185 369 3261 Marcum
382 3185 548 3260 Catonem
561 3203 765 3300 utrumque,
780 3201 815 3252 et
829 3184 980 3252 Laelium
991 3190 1199 3282 sapientem,
1216 3205 1254 3258 et

137 3295 390 3400 Souratem
411 3327 489 3370 uum
509 3294 673 3386 Platone,
692 3317 725 3368 et
738 3303 913 3370 Zenonem
925 3295 1223 3396 Cleanthemque
1212 3329 1252 3373 ιιι
1325 3333 1327 3340 ·

214 3415 366 3483 animum
406 3441 519 3486 meum
556 3413 629 3482 slue
660 3411 859 3512 dignatione
894 3417 1023 3479 'summa
1054 3405 1248 3504 recipiam?

213 3515 286 3611 Ego
313 3549 395 3595 vero
418 3525 493 3596 illos
516 3549 661 3597 veneror
688 3541 724 3590 et
751 3523 854 3590 tantis
886 3511 1083 3591 nominibus
1111 3539 1248 3618 semper

211 3651 360 3724 assurgo.
364 3631 387 3668 ”
431 3637 559 3708 Mirum
587 3633 708 3711 habuit
733 3611 878 3716 inultos,
903 3634 1031 3726 quod
1020 3639 1178 3712 inversu
1203 3659 1246 3731 7,

213 3770 252 3838 17
274 3767 309 3820 et
328 3753 384 3820 24·
416 3754 583 3819 antistites
616 3759 730 3820 coetus
762 3749 950 3818 Christiani
986 3747 1149 3836 ἡγούμενοι
1178 3778 1244 3822 vo-

210 3859 353 3947 rentur,
375 3878 452 3932 oum
472 3889 639 3954 nusquam
660 3865 696 3930 in
720 3853 764 3927 N.
788 3861 833 3933 Τ.
861 3862 909 3928 sio
938 3862 1180 3955 appellentur,
1208 3875 1244 3934 ei

207 3973 412 4044 incaeteris
442 3969 591 4046 Paulinis
619 3971 771 4065 epistolis
797 3975 998 4065 πρεσβύτεραι
1022 3991 1057 4048 et
1079 3983 1240 4054 ἕιιίσιιιπιι
