2858 4784
651 415 829 506 (¹⁰⁰)

221 611 293 666 atua
319 595 457 680 uictima
475 595 553 664 fieri
571 619 631 672 asu
650 599 738 670 muri
765 597 880 688 putuit
896 612 968 666 neu
985 590 1176 666 secundum
1193 592 1270 664 ‹ii-

217 715 354 808 vuiuam,
383 706 653 806 aadphumanam
675 729 856 797 naturam,
887 724 923 780 at
943 726 1062 780 auctor
1092 707 1267 803 epistolae

219 825 358 894 disertis
379 823 492 895 verbis
515 825 617 895 docet
641 825 697 912 ΙΙ,
722 829 782 912 ι4,
815 827 931 894 iesum
952 821 1146 892 ›usumsisaa
1169 845 1259 892 ear·

218 955 300 1008 nem
321 956 356 1036 et
377 934 598 1034 sauguinem,
621 955 659 1006 ut
680 941 766 1008 mori
789 956 904 1032 posset
928 954 963 1007 at
987 953 1098 1006 morte
1118 961 1176 1006 sua
1198 942 1258 1011 civ

219 1057 255 1126 ti
279 1051 389 1143 cp'tircc
409 1058 527 1141 ἔχοντα
549 1062 603 1126 τοῦ
627 1058 760 1128 iaudent
777 1053 940 1122 aboleret.
983 1051 1091 1120 Porro
1115 1049 1259 1119 difficile

218 1169 317 1238 dictu
337 1186 409 1250 ast,
434 1168 609 1260 quomodo
636 1167 731 1237 Jeaus
757 1166 946 1237 secundum
971 1181 1096 1233 statum
1123 1163 1261 1233 exalta·

219 1283 373 1353 tinuisse
394 1283 468 1352 Deo
484 1281 657 1351 victimam
678 1281 873 1374 perfectam
891 1279 1058 1348 exhibere
1070 1275 1251 1372 potuerit?

218 1397 334 1467 Status
357 1395 571 1464 exaltationis
584 1397 791 1490 sequebatur
806 1397 912 1467 iccius
932 1392 1085 1476 Christi,
1106 1408 1142 1460 et
1161 1409 1256 1460 tam·

146 1531 148 1539 ¹
210 1533 322 1603 quam
342 1509 532 1602 praemium
552 1533 620 1600 pro
638 1507 838 1577 'obedientia
862 1509 936 1594 eiua
952 1527 1033 1595 erga
1056 1507 1165 1574 Deum
1190 1523 1257 1572 ua·

212 1636 287 1718 ‘que
308 1623 352 1693 ad
373 1640 518 1693 mortem
537 1625 578 1693 in
599 1645 700 1692 cruce
723 1619 949 1689 describitur.

259 1737 306 1806 Et
329 1736 413 1832 quid
449 1736 563 1806 dicam
585 1735 631 1804 de
651 1733 837 1825 sacrificiu
870 1747 1041 1820 aeterne,
1071 1733 1110 1802 in
1140 1749 1257 1803 aeter·

216 1875 303 1920 num
324 1849 489 1929 valituro.
513 1848 607 1941 quod
628 1851 699 1917 vim
729 1849 900 1938 (πνεῦμα)
923 1849 962 1914 in
989 1857 1169 1917 aeternum
1189 1871 1255 1917 va·

214 1963 357 2036 lituram
376 1965 527 2033 exserat!
571 1964 688 2048 Longe
703 1959 810 2050 petita
825 1975 876 2029 est
891 1960 979 2030 haec
995 1969 1050 2036 τοῦ
1068 1989 1123 2036 πυ.
1138 1963 1260 2036 cincias

216 2077 411 2167 explicatio.

259 2193 332 2260 Nee
352 2215 422 2258 non
435 2191 620 2283 explicatio
638 2191 741 2281 hujus
763 2189 929 2261 formulae
949 2187 994 2260 de
1011 2191 1088 2260 vita
1108 2202 1260 2260 aeterna

218 2305 371 2389 Christi,
399 2321 434 2372 et
461 2305 544 2375 hine
577 2310 786 2397 praestantia
810 2307 966 2376 victimae
983 2305 1030 2372 'ab
1060 2328 1100 2373 eo
1128 2298 1260 2373 o'biatae

217 2411 425 2505 derivanda,
456 2419 572 2486 multis
597 2419 731 2488 laborat
750 2417 1032 2502 difficultatibus,
1054 2439 1261 2511 quamquam

211 2539 282 2630 pro
303 2560 343 2602 ea
366 2535 457 2618 vlt,
484 2537 523 2603 16
548 2551 582 2601 et
603 2539 655 2604 25.
676 2535 775 2628 loqui
806 2535 976 2604 videatur.
1019 2531 1257 2600 Adversantur

214 2647 300 2718 hnic
331 2649 613 2738 interpretationi
630 2639 786 2716 'maxime
813 2650 916 2718 verba
937 2644 1176 2714 antecedentia
1207 2661 1257 2711 vs.

214 2784 280 2838 ηε
315 2767 367 2837 διὸ
384 2769 438 2836 τοῦ
457 2765 532 2834 iiiou
557 2761 691 2846 uiueret
711 2769 845 2844 εἷςῆλθεν
867 2765 1003 2852 ἐφάπαξ
1026 2763 1069 2838 sic
1087 2761 1130 2831 rai
1153 2757 1255 2839 circu.
1287 2795 1290 2800 ·

213 2883 331 2954 ettae
343 2880 492 2962 utrium
506 2877 686 2960 εὖρὶμενος,
699 2877 737 2941 in
756 2875 881 2966 quibua
899 2874 1047 2956 dicitur,
1057 2894 1128 2939 nou
1144 2867 1256 2960 quoad

212 2993 316 3064 vitam
328 2995 502 3057 aeteruain
513 2989 690 3056 Christum
710 2989 854 3055 intrasse
872 2989 909 3055 iu
931 2988 1096 3056 Sanctum
1114 2985 1257 3054 Sancto·

134 3128 137 3133 ·
213 3126 293 3174 rum
315 3119 351 3170 et
371 3103 616 3191 sempiternam
634 3095 887 3170 redemtionem
914 3099 1075 3168 effecisse.
1230 3189 1235 3198 μ

256 3217 294 3286 Si
314 3241 395 3285 veru
408 3221 534 3302 πνεῦμα
552 3217 672 3288 uicinos
690 3225 894 3307 proeresius
909 3215 999 3297 ἅγιον
1016 3213 1166 3303 positum
1185 3231 1257 3280 esse

212 3348 411 3414 statuamus,
435 3331 560 3398 multae
577 3329 642 3417 vhuj
650 3353 686 3395 us
704 3329 774 3397 loci
800 3325 1016 3396 difficultates
1036 3342 1254 3394 evanescunt.

210 3445 299 3512 Nam
331 3447 391 3537 qui
420 3447 457 3511 in
490 3445 529 3520 S.
559 3444 598 3512 S.
627 3461 767 3511 vocatur
795 3451 922 3526 πνεῦμα
951 3439 1066 3522 ἅγιον,
1096 3439 1126 3505 is
1153 3437 1255 3505 etiam

210 3573 368 3624 aeternus
404 3555 635 3641 describitur,
671 3573 706 3624 et
737 3540 914 3624 cotnmode
949 3583 1002 3625 w·
1029 3557 1145 3625 etevat
1183 3553 1257 3619 diei

206 3688 332 3760 potest.
374 3675 507 3738 Bonum
529 3675 631 3738 etiam
657 3693 792 3737 sensum
817 3670 960 3756 praebet
981 3697 1034 3740 acu·
1057 3674 1173 3740 uicinos
1190 3691 1258 3760 pro

208 3812 262 3856 art·
294 3783 383 3864 ἅγιον
405 3803 572 3860 sumtums
596 3790 648 3857 tut
668 3811 721 3855 scu·
743 3789 839 3867 cirion
859 3805 930 3849 sese
955 3783 1028 3848 Deo
1047 3779 1173 3848 obtulit
1191 3780 1257 3848 Je-

187 3897 335 3980 'sus‚id
357 3914 429 3984 est,
453 3902 547 3984 iussu
567 3914 602 3965 et
623 3898 827 3964 auctoritate
843 3895 994 3992 Spiritus
1017 3893 1137 3963 Sancti
1167 3893 1257 3985 (cfr-

203 4013 408 4086 Wahiius
442 4013 486 4080 ad
518 4013 709 4103 praeposit.
744 4014 796 4081 διὰ
829 4033 909 4100 pag.
938 4007 1060 4098 2750).
1091 4009 1153 4098 qui
1190 4032 1256 4098 per

200 4125 391 4217 prephatus
429 4126 474 4196 V.
514 4126 561 4193 Τ.
609 4125 819 4212 (Φερομένους
856 4127 913 4196 ὑπὸ
941 4127 1121 4210 πνεύματος
1162 4122 1285 4208 siritu
