2810 4784
535 391 717 484 (ποθ’

87 576 251 662 docent,
274 575 334 644 sed
351 573 509 666 nuspiam
526 576 566 644 in
586 571 770 644 itineribus
786 574 981 674 apostolicis
997 575 1141 653 nonant

88 693 250 780 tetigisse
275 690 495 782 perhibetur.

135 817 173 874 4.
196 806 360 889 Petrus,
382 801 426 871 ad
450 815 554 895 quem
574 803 735 873 nonnulli
759 803 936 898 epistolam
956 761 1143 892 referunt,

87 913 123 985 si
144 915 253 985 fuerit
268 919 412 1002 Romae,
436 935 528 984 certe
548 933 620 986 tum
642 922 807 1008 temporis
823 945 896 989 non
912 919 980 990 icit
996 923 1191 1009 Romad,
1215 953 1216 956 ¹

91 1055 180 1100 cnm
208 1031 399 1100 secundum
430 1056 539 1100 meam
575 1033 782 1102 sententiam
814 1057 921 1144 snpra
954 1039 1145 1132 expositam

91 1145 266 1252 epistola
266 1145 310 1212 ad
332 1145 506 1215 Hebraeos
526 1147 749 1220 scriberetur.
795 1135 887 1217 Acta
913 1150 1024 1234 enim,
1054 1175 1145 1242 quae

92 1235 277 1327 historiam
302 1258 398 1326 Pauli
421 1283 530 1354 usque
560 1261 606 1329 ad
636 1262 745 1330 finem
773 1261 907 1352 biennii
938 1263 1144 1354 captivitatis

89 1375 168 1460 ejus
183 1371 360 1460 referunt,
379 1374 473 1443 Petri
493 1377 620 1444 Romae
642 1367 833 1465 praesentis
853 1396 1023 1465 nusquam
1039 1399 1142 1443 men-

91 1485 227 1555 tionem
248 1485 399 1572 saciunt,
422 1487 517 1578 qnod
541 1489 701 1579 profecto
719 1489 900 1572 fecissent,
918 1488 947 1554 si
964 1487 1143 1558 adfuisset.
1232 1523 1239 1534 ·

89 1602 218 1691 Neque
249 1602 396 1686 Petrus,
428 1605 559 1694 qnippe
583 1603 734 1693 piscator
760 1599 957 1686 Galilaeae,
986 1603 1015 1668 is
1042 1618 1147 1690 erat,j

92 1738 202 1807 quem
219 1715 348 1783 Seneca
365 1713 403 1781 in
428 1713 694 1804 familiaritatem
711 1711 903 1781 adsciscere
922 1731 1048 1804 posset.

137 1831 173 1899 5.
197 1827 369 1906 Marcus,
395 1829 620 1896 consobrinus
645 1831 845 1913 Barnabae,
866 1827 963 1895 Pauli
989 1846 1023 1897 et
1046 1830 1144 1900 Petri
1220 1919 1222 1924 Ι

94 1963 208 2012 comes
231 1943 299 2011 fuit
326 1941 466 2034 quidem
492 1943 617 2011 Romae
645 1943 739 2010 inter
763 1941 996 2032 captivitatem
1022 1945 1148 2022 Pauli-,
1208 1958 1210 1965 '

92 2082 195 2140 nam,
229 2059 294 2126 cfr.
317 2056 392 2126 Col.
407 2057 477 2138 IV,
502 2079 562 2136 n,
586 2053 733 2124 Philam.
748 2058 808 2124 24.
849 2057 929 2123 Non
949 2073 1085 2142 tamen,
1104 2074 1145 2127 ut

93 2173 240 2258 Paulus,
255 2170 407 2264 captivus
425 2169 464 2234 in
483 2168 665 2260 praetorio
676 2159 919 2254 detinebatur,
937 2169 999 2237 nbi
1012 2169 1087 2256 illi,
1105 2187 1146 2240 ut

95 2286 227 2371 Paulo,
248 2283 487 2374 opportunitas
511 2282 677 2350 Senecam
692 2281 840 2351 ridendi
856 2297 892 2349 et
913 2284 1144 2369 cognoscendi

94 2399 171 2468 dari
183 2414 310 2494 posset.
331 2399 453 2489 Neque
470 2395 693 2483 Evangelium
709 2397 783 2480 ejus
798 2395 889 2480 sapit
903 2395 1013 2461 Stoici
1031 2394 1143 2486 quid-

98 2515 204 2600 dam,
225 2534 342 2602 neque
362 2533 441 2576 eum
461 2525 645 2582 auctorem*
656 2506 785 2590 refert,
806 2505 867 2596 qui
887 2523 1041 2576 nostram
1059 2507 1146 2602 cpi·¹

97 2627 217 2696 stolam
238 2623 390 2692 scribere
408 2622 586 2710 potuisset.

139 2743 174 2810 6.
197 2739 295 2806 idem
316 2736 360 2803 de
380 2735 560 2804 Clemente
579 2735 882 2828 Romano,que'1n
897 2719 999 2804 multi
1019 2753 1144 2806 aucto-

6 2931 10 2936 ,
100 2877 172 2924 rem
192 2867 331 2920 nostrae
360 2847 520 2944 epistolae
546 2849 732 2928 iecerunt,
762 2847 879 2919 dicere
904 2847 1000 2918 licet.
1044 2845 1143 2920 Vixit

99 2963 239 3058 quidem
258 2965 384 3054 Romae
407 2981 443 3032 et
465 2963 561 3032 Pauli
582 2963 709 3056 captivi
728 2966 855 3034 amicus
876 2963 943 3032 suit
962 2961 1054 3038 Phil.
1067 2961 1142 3048 lv,

98 3085 132 3151 3.
174 3078 244 3154 Sed
269 3103 384 3168 neque
412 3077 553 3162 isfuit,
583 3103 687 3170 quem
718 3081 848 3150 Seneca
878 3081 1088 3165 suspiceret,
1113 3081 1144 3147 si

97 3191 149 3262 vel
166 3211 370 3276 statuamus,
391 3192 489 3260 illum
512 3193 645 3284 saepius
673 3193 848 3292 captivum
870 3187 1063 3280 apostolum
1081 3194 1146 3260 vi-'

100 3331 170 3376 scre
191 3305 327 3373 solitum
345 3332 442 3392 esse,
466 3331 583 3398 neque
602 3306 747 3400 epistola
771 3301 916 3395 eiusad
940 3299 1142 3379 Corinthios

101 3419 225 3508 ingenii
243 3436 279 3488 et
299 3421 514 3514 eloquentiae
531 3422 672 3511 insignis
692 3420 788 3491 testis
810 3436 884 3500 est,
908 3441 1023 3508 neque
1041 3417 1141 3488 Stoi·
1197 3450 1201 3463 ·

55 3519 57 3524 ¹
103 3532 237 3627 ciquid
257 3535 422 3603 continet.
467 3535 722 3622 Conferantur,
747 3556 834 3626 quae
861 3525 901 3602 in
930 3532 1042 3625 capite
1066 3559 1137 3602 an-

105 3647 273 3717 tecedenti
293 3646 338 3718 de
356 3651 534 3720 Clemente
557 3649 651 3718 dicta
673 3666 764 3718 sunt.
789 3651 794 3658 '

143 3763 484 3832 Commemorantur'
473 3789 512 3832 m
531 3763 693 3859 Epistolis
706 3761 857 3830 Paulinis
875 3761 1084 3832 nonnulli
1052 3789 1136 3835 vrn-

104 3877 252 3945 culorum
277 3879 383 3962 socii,
406 3902 480 3964 e.·g
504 3878 775 3959 Aristarchus,
798 3875 872 3944 Col.
888 3879 958 3958 IV.
982 3904 1045 3966 1⁰3
1075 3883 1143 3949 E·
1248 3865 1251 3872 ⁵

97 3993 279 4080 popinas,
289 3991 453 4060 fundator
469 3993 630 4060 ecclesiae
650 3989 875 4068 (tolonensis,
901 3993 975 4062 Col.
983 3995 1054 4078 IV,
1071 4015 1135 4076 123

106 4104 166 4171 cla.-
180 4107 324 4175 Philem.
346 4111 404 4178 252
438 4107 498 4174 scd
521 4107 675 4178 homines
702 4105 880 4174 suerunt'
869 4107 1001 4198 ignoti,
1032 4107 1135 4194 magis

545 4251 567 4288 e
833 4224 874 4286 14
