2866 4780
600 405 615 492 (
659 407 704 494 59
748 401 788 487 l'

197 595 277 664 Non
298 592 389 660 enlm
407 591 444 658 in
465 590 660 656 uniuersum
678 588 809 654 Seneca
824 582 862 650 in
884 583 951 650 hoe
967 581 1086 650 libello
1109 598 1195 650 tra-¹

154 725 226 776 ctat
250 707 365 773 locum
390 707 434 772 de
455 701 697 794 providentia,
720 721 824 787 quem
847 699 886 764 in
908 694 975 762 alio
996 694 1108 776 libro,
1128 699 1189 786 qui

152 838 305 889 nostram
320 835 461 893 aetatem
473 838 543 882 non
563 811 777 891 tulit,fusiue
797 810 1088 892 tractaverat,sed
1102 833 1190 898 par·

90 915 99 932 ⁸
156 935 297 1003 titulant
331 949 463 998 tantum
491 929 593 1015 hujus
623 929 691 996 loci
721 954 740 992 e
765 941 837 993 toto
866 923 1047 1006 revulsam.
1090 924 1194 994 Ponit

153 1045 406 1138 prouidentiam
430 1067 526 1126 esse,
541 1059 577 1111 et
598 1040 770 1123 ostendit,
786 1039 959 1132 quemodo
982 1038 1086 1124 mala,
1103 1027 1190 1130 quae

48 1146 50 1150 ’
156 1161 239 1230 boni
265 1159 329 1227 uiri
349 1172 452 1248 saepe
471 1159 720 1252 experiuntur,
744 1179 823 1221 eum
840 1153 1057 1248 providentia
1076 1151 1194 1218 divina

158 1257 334 1344 conciliari
354 1272 497 1366 possint.
525 1273 667 1350 Monet,
683 1268 889 1338 calamitates
905 1265 986 1334 viris
1004 1265 1104 1337 bunia
1122 1268 1195 1332 im·

137 1391 271 1457 ,missas
296 1409 366 1454 non
385 1387 507 1453 testari
528 1406 681 1454 aversum
705 1387 766 1452 Dei
788 1369 915 1450 abillis
936 1380 1109 1464 animum,
1131 1379 1204 1448 sed·

161 1501 258 1587 signa
276 1498 381 1586 patrii
399 1522 439 1566 ac
456 1497 615 1566 benevoli
629 1523 706 1584 erga
723 1496 800 1564 illos
815 1495 921 1562 animi
936 1517 1027 1562 esset
1056 1525 1076 1566 e
1094 1495 1124 1559 0
1128 1515 1197 1586 pe·

159 1614 278 1690 ribus,
303 1611 442 1699 inquit,
463 1609 639 1676 laboribus
670 1627 705 1676 et
734 1607 869 1673 damnis
898 1608 1139 1692 exagitantur,
1161 1623 1201 1674 ut

163 1747 282 1793 verum
318 1719 480 1806 colligant
507 1724 625 1789 robur.
678 1719 767 1812 Ipsis
793 1702 884 1786 Deua
916 1715 1086 1803 consulit,
1113 1743 1203 1811 quoa
1299 1796 1303 1805 ¹

163 1859 268 1927 quam
286 1834 542 1902 honestissimos
561 1857 633 1902 esse
650 1835 768 1922 cupit,
790 1835 923 1923 quoties
943 1831 1009 1899 illis
1026 1837 1203 1916 materiam

160 1953 308 2038 praebet
320 1945 452 2045 aliquid
470 1948 619 2016 animose
637 1948 845 2035 fortiterque
860 1946 1023 2032 gerendi,
1035 1945 1078 2014 ad
1097 1971 1201 2038 quam

160 2087 235 2145 sem
256 2085 341 2149 opus
364 2077 415 2129 est
432 2059 549 2152 aliqua
566 2085 683 2128 rerum
702 2055 941 2129 difficultate.”
988 2063 1118 2129 Totum
1137 2087 1198 2128 er·

162 2191 362 2264 gementum
383 2172 503 2240 'libelli
533 2175 571 2240 in
603 2199 644 2242 eo
677 2171 859 2259 versatur,
885 2194 926 2244 nt
956 2177 1085 2264 integri
1119 2178 1208 2246 vitae

158 2289 368 2379 scelerisque
393 2289 472 2378 puri
488 2292 664 2380 Deumque
689 2292 744 2382 pia
767 2307 881 2357 mente
908 2269 1059 2358 colentes
1082 2293 1205 2361 admo-

161 2421 332 2488 neantur,
356 2425 398 2470 ne
424 2402 468 2470 ob
495 2402 685 2472 infortunia
715 2421 751 2470 ct
780 2403 987 2470 calamitates
1016 2429 1035 2468 a
1058 2429 1204 2498 persua·

163 2513 274 2587 sicne
291 2515 336 2584 de
367 2516 584 2603 providentia
608 2540 663 2584 res
689 2518 853 2582 humanas
883 2513 1147 2585 administrante
1172 2535 1209 2588 et

164 2635 275 2701 bonos
309 2647 442 2696 amante
474 2645 509 2694 et
541 2645 684 2694 curante
713 2625 927 2709 desciscant,
951 2651 1096 2720 nequas
1123 2657 1207 2705 vero

121 2790 129 2800 ·
165 2746 256 2814 recti
275 2729 410 2810 tramite
428 2739 546 2808 seduci
564 2764 599 2808 se
615 2742 802 2830 pausatur.
836 2744 877 2810 ln
900 2743 970 2811 fine
991 2743 1099 2814 libelli
1118 2749 1205 2815 Deus

166 2863 241 2968 ipse
261 2857 407 2947 loquens
424 2853 680 2922 introduciturt
719 2855 851 2946 «Quid
871 2856 1028 2944 habetis,
1046 2859 1140 2953 quod
1162 2863 1207 2932 de
1265 2911 1268 2916 ,

167 2999 223 3044 ms
237 2973 338 3064 queri
354 2968 488 3062 possitis
506 2964 722 3058 vos,quibus
740 2989 836 3039 recta
856 2971 1074 3061 placuerunt.
1098 2975 1206 3048 Vobis

168 3089 253 3158 dedi
272 3090 362 3154 bena
382 3099 495 3168 certa,
518 3084 702 3166 mensurat
720 3106 792 3151 non
815 3083 950 3172 fulgetis
973 3087 1207 3176 extrinsecus„

171 3207 261 3271 bona
289 3218 401 3270 uestra
425 3201 594 3266 introrsus
617 3198 759 3265 obversa
788 3217 880 3267 sunt.
924 3200 1025 3266 Ferte
1059 3200 1221 3270 sortiter.-

173 3317 389 3387 Coetemnite
411 3329 666 3402 paupertatem
693 3316 901 3382 contemnite
919 3313 1074 3382 dolorem
1094 3318 1189 3384 etc.”

217 3431 263 3498 11.
288 3432 418 3497 Auctor
440 3425 603 3512 epistolae
622 3426 665 3493 ed
681 3425 851 3496 Hebraeos
868 3430 959 3494 idem
977 3449 1212 3514 argumentum
1274 3511 1276 3516 Ι

175 3545 301 3614 endem
321 3541 486 3609 methodo
507 3556 649 3648 tractat,
667 3563 734 3632 qua
748 3539 878 3608 Seneca
895 3541 932 3607 in
949 3541 1040 3609 libro
1059 3542 1103 3612 de
1120 3569 1212 3637 pro.

175 3655 340 3730 sidentia.
827 3655 831 3662 ’
865 3653 869 3660 ’
937 3733 939 3752 Ι
1133 3723 1137 3732 ,

220 3797 256 3842 a.
280 3772 410 3840 Auctor
430 3767 593 3863 epistolae
615 3767 661 3835 ad
682 3768 787 3853 llebr·
808 3765 852 3835 ad
871 3772 1069 3863 patientiam
1086 3775 1122 3843 in
1144 3779 1215 3844 add·
1270 3827 1271 3832 η

179 3889 287 3956 versis
306 3901 344 3951 et
361 3887 585 3952 constantiam
608 3884 645 3948 in
668 3881 832 3968 religione
852 3884 982 3954 tuenda
1006 3891 1218 3960 Christianos

181 4001 446 4071 Palaestinenset
473 3997 677 4066 adhortatur
699 4002 826 4066 multia
847 4005 1017 4091 exemplis
1040 4029 1081 4071 ex
1105 4007 1219 4073 histo·

177 4113 472 4208 ¹tiulutlaeorutn
499 4111 714 4203 depannatis,
749 4128 784 4178 et
806 4110 934 4203 dotet,
970 4119 1055 4210 quid
1089 4120 1220 4200 virtut.
