2810 4784
553 425 740 517 tata)

88 609 246 678 dicitnr
278 609 455 698 scripsisse
486 628 584 674 snum
616 609 825 697 evangelium
848 601 893 683 ἐνΙ
911 621 975 690 soie
1002 597 1157 700 Ἑβραῖοιξ

90 739 138 811 τῇ
158 729 236 813 ἰδίᾳ
260 731 361 796 αὐτῶν
389 724 550 804 διαλέκτῳ.
595 724 632 790 Si
659 725 712 791 vei
740 724 898 794 latiorem
926 727 1152 813 significatio·

90 837 190 906 nem
213 839 308 906 vocis
336 865 354 908 «
374 833 752 918 Hebraei'’snmamus,
771 854 884 906 tamen
903 838 940 904 in
957 839 1096 932 epistola
1113 841 1158 908 ad
1274 865 1284 884 ·

97 953 332 1021 Christianos
359 949 488 1040 scripta
509 963 672 1020 notamur
693 949 752 1019 iila
777 949 1023 1042 Palestinenses
1045 955 1157 1024 chri.

96 1068 232 1134 asiani.
276 1091 281 1102 ¹
340 1103 348 1114 ·
1109 1139 1130 1162 ἃ

150 1205 189 1250 n.
216 1179 489 1268 Argumentum
509 1188 657 1243 nestrae
683 1177 845 1266 epistolae
871 1181 973 1246 etiam
996 1181 1043 1248 ita
1070 1199 1159 1248 com·

98 1311 276 1390 paratum
305 1308 374 1368 est,
397 1305 436 1354 nt
459 1288 524 1354 sub
558 1289 745 1375 Hebraeis,
778 1309 864 1382 quos
891 1291 1007 1359 titulus
1038 1293 1159 1373 hahet,

101 1408 307 1484 Christiani
333 1402 602 1470 Palaestinenses
631 1402 813 1487 indigenae
838 1401 1064 1492 intelligendi
1079 1407 1161 1476 sint.

101 1524 283 1590 Lectores
304 1515 419 1598 enim,
440 1512 485 1580 ad
505 1537 590 1604 quos
606 1515 727 1582 scribit
743 1529 861 1579 auctor
878 1529 1012 1593 noster,
1032 1531 1071 1580 nt
1087 1516 1157 1581 ho·

103 1633 250 1710 mines,
270 1625 415 1692 multum
434 1623 559 1689 ritibus
574 1640 609 1688 et
628 1624 829 1692 ceremoniis
848 1624 998 1691 Judaicis
1016 1625 1053 1689 in
1075 1642 1160 1691 tem·

101 1740 173 1834 pio
198 1732 512 1826 Hierosolymitanc¹
525 1739 640 1823 peragi
664 1735 769 1804 solitis
799 1736 1009 1818 tribuentes,
1033 1750 1072 1801 ut
1099 1741 1159 1823 ζη-

105 1863 217 1928 seirat
232 1857 285 1923 roi
303 1851 394 1933 νόμον
416 1849 494 1916 Aet.
510 1848 617 1932 XXI,
642 1869 695 1916 so.
719 1848 973 1917 describuntur.
1014 1846 1065 1913 Ita
1082 1867 1162 1912 vero
1200 1928 1207 1943 x

1 1962 3 1966 ’
106 1962 308 2034 Christiani
324 1983 365 2026 ex
386 1961 524 2030 Iudaeis
543 1959 863 2050 Hierosolymitani,
886 1972 924 2021 ut
941 1979 981 2023 ex
1003 1957 1162 2045 pluribus

104 2077 198 2144 locis
224 2077 389 2142 Actorum
410 2087 529 2166 patet,
547 2091 747 2157 senserunt,
769 2074 806 2139 in
824 2093 934 2161 eoque
959 2069 1001 2135 ab
1026 2069 1100 2134 aliis
1117 2095 1161 2137 ex

107 2185 254 2260 Judaeis
277 2184 482 2254 Christianis
501 2202 535 2255 ct
553 2184 693 2254 omnino
712 2183 786 2251 aliis
804 2181 1010 2251 Christianis
1033 2181 1081 2248 ita
1098 2181 1160 2247 di-

108 2303 205 2370 versi
241 2296 399 2375 suerunt,
427 2314 477 2368 ut.
492 2298 607 2386 potins
629 2321 648 2362 a
672 2295 843 2362 communi
871 2293 1015 2361 ecclesia
1042 2295 1162 2360 seriori

113 2429 272 2504 tempore
297 2407 546 2489 desciscerent,
567 2422 603 2475 et
632 2405 842 2498 peculiarem
859 2422 986 2471 sectam
1008 2405 1161 2472 Iudaicis

114 2525 242 2592 ritibus
270 2519 383 2586 adhuc
414 2519 569 2590 deditam
593 2518 657 2586 sub
682 2516 821 2584 nomine
851 2517 1100 2584 Nazaraeorum
1125 2535 1162 2586 et

114 2637 353 2710 Ebionitarum
373 2628 640 2708 constituerent,
662 2651 766 2720 quam
793 2626 917 2702 ritihus
939 2642 985 2697 et
1003 2649 1163 2709 ccccmo-3

111 2747 180 2816 niis
195 2745 315 2835 ‘patriis
333 2742 575 2814 valedicerent.

157 2864 191 2930 5.
214 2858 380 2940 Deinde,
399 2857 438 2922 in
455 2868 532 2926 tcta
549 2856 702 2944 epistola
713 2877 908 2945 numquam
921 2857 1157 2926 Christiane·

114 2995 197 3052 rtem
213 2995 258 3040 ex
277 2969 475 3059 gentt'lt'lma
491 2982 528 3037 et
544 2969 709 3038 rixarum
727 2971 824 3038 inter
842 2993 902 3038 eos
915 2984 953 3038 et
970 2970 1159 3040 Christia-

113 3086 179 3156 nai
205 3106 247 3150 ex
281 3083 436 3152 ludaeis
466 3085 505 3154 ia
529 3083 614 3156 attia
649 3082 811 3150 ecelesiis
836 3083 967 3172 ubique
993 3099 1159 3153 orcarum

115 3195 367 3283 ntenticsaeta
382 3208 459 3279 cst,
482 3193 579 3282 qued
599 3191 739 3282 quidem
755 3193 894 3277 innuit,
912 3193 1091 3282 epistolam
1112 3193 1160 3261 ad

116 3307 346 3374 Christianam
372 3306 550 3376 ecclesiam
582 3327 654 3372 nan
679 3325 722 3371 ex
745 3301 884 3374 Iudaeis
909 3319 945 3372 et
972 3305 1158 3391 gentilibus

115 3419 274 3500 mixtam,
289 3417 350 3487 sed
361 3441 404 3486 ex
418 3417 558 3490 Iudaeis
578 3416 687 3488 solum
706 3434 836 3494 ortam.
858 3415 962 3485 fnisse
977 3418 1156 3507 scriptam.

115 3532 231 3615 Atque
253 3527 420 3614 ejusmodi
450 3528 594 3603 ecclesia
625 3528 866 3624 Hierosolymis
892 3545 1024 3596 tantum
1050 3546 1087 3595 et
1117 3529 1156 3597 in
1194 3531 1196 3536 ’

113 3639 303 3720 Palaestine
318 3640 394 3715 fuit.
435 3640 512 3708 Vox
534 3644 648 3712 etiam
668 3645 777 3722 atita,
797 3639 904 3721 XIII,
929 3662 989 3721 ιι,
1014 3658 1064 3705 12.
1088 3659 1156 3726 pro

115 3756 203 3836 scitae
224 3751 329 3842 posita
348 3752 536 3836 secundnm
555 3753 664 3821 LXX.
685 3753 810 3820 Jerem·
822 3753 959 3835 XLIV,
981 3749 1014 3816 6.
1036 3748 1150 3815 lecto-

112 3888 165 3954 res
195 3860 445 3951 Hierosolymae
475 3862 668 3930 habitantes
699 3860 843 3930 innuere
876 3862 1025 3931 videtur.
1067 3860 1150 3929 Nec

115 3997 183 4056 non
208 3971 418 4058 demicilium
437 3972 614 4043 beatorum
633 3989 865 4064 comparatum
884 3999 961 4042 cum
983 3974 1150 4054 Hieroso·

44 4151 54 4171 ,
118 4083 205 4174 lyme
221 4102 254 4154 et
267 4083 656 4167 montesioaisxttfla.
673 4101 745 4152 tum
757 4084 894 4156 demum
905 4085 1150 4154 suolecoestet
