2858 4784
551 409 742 495 (141)

93 592 257 688 =morcio
279 592 428 685 quodam
461 592 615 661 literario
643 592 766 657 horum
790 587 1048 662 duumvirorum
1071 595 1164 665 esti·

121 710 221 778 tisse.
265 709 339 777 Nisi
361 707 455 774 enim
476 707 559 774 haec
578 705 666 773 sams
689 701 901 770 Christianos
926 703 1003 772 turn¹
1023 722 1165 798 tempo-

123 823 177 888 ris
198 838 380 911 pervagata
400 833 507 899 esset,
530 816 788 883 consarcinator
809 799 1030 905 epistolarum
1051 842 1168 912 neque

122 931 165 1000 in
202 933 355 1000 animum
386 930 574 1008 inducere,
608 944 648 994 ut
676 929 757 995 istos
793 929 955 1016 fingeret,
992 953 1105 1020 neque
1139 929 1169 996 si

122 1045 297 1131 fingeret,
319 1046 388 1111 suis
416 1040 585 1128 figmentis
608 1037 680 1105 ullo
705 1042 808 1108 modo
830 1041 937 1109 iidem
958 1041 1070 1110 iacere
1092 1025 1171 1131 po·¹

123 1156 265 1238 tuisset,
289 1178 391 1246 qnam
414 1171 550 1233 tamen,
574 1149 716 1222 historia
738 1153 968 1222 ecelesiastica
995 1153 1165 1236 docente,

122 1284 248 1336 nactus
274 1285 337 1334 est.
384 1265 487 1334 Unde
514 1288 594 1332 vero
617 1263 704 1332 haee
724 1265 928 1357 famauinter
951 1263 1165 1331 Christianos

122 1390 200 1441 orta
221 1380 302 1446 esti
344 1377 440 1446 Nihil
471 1374 637 1471 impedit,
661 1401 731 1470 quo
759 1377 870 1442 minus
901 1397 940 1441 re
965 1397 1044 1441 vera
1065 1377 1164 1461 ojus·

120 1483 219 1552 modi
238 1490 523 1557 consuetudinem
542 1505 577 1557 et
595 1488 835 1554 commercium
856 1487 949 1553 inter
968 1482 1111 1551 Paulum
1129 1501 1166 1554 et

119 1597 292 1667 Senecam
315 1600 546 1669 intercessisse
571 1619 768 1669 statuamus.
823 1600 946 1690 Neque
972 1613 1043 1680 est,
1067 1598 1166 1688 quod.

120 1709 297 1795 dicamus,
320 1714 511 1803 primaevos
538 1715 752 1782 Christianos
784 1712 923 1779 finxisse
945 1709 1048 1776 istam
1071 1710 1165 1778 inter

118 1817 184 1886 hos
220 1822 417 1893 duumviros
454 1822 750 1894 consuetudinem·
808 1816 890 1896 Non
928 1838 1025 1916 patet
1051 1825 1176 1910 enim,¹

121 1931 210 2022 quid
235 1935 468 2004 commodi‘in
486 1932 737 2026 rempublicam
757 1933 990 2024 Christianam
1008 1933 1090 2002 inde
1110 1960 1165 2005 re·

118 2040 278 2116 dundare
295 2048 459 2141 potuerit.
491 2048 599 2114 Immo
619 2062 741 2113 notum
761 2063 834 2125 est,
853 2045 1067 2114 Christianos
1083 2067 1163 2115 sae-

119 2158 187 2229 culi
212 2161 327 2246 tertii,
358 2183 428 2250 quo
451 2161 525 2232 iere
552 2175 706 2255 tempore
730 2154 891 2254 epistolas
920 2157 995 2225 illas
1017 2157 1164 2247 scriptas

115 2295 188 2342 esse
213 2291 321 2363 puto,
346 2274 509 2342 adversus
544 2271 700 2356 Stoicos,
727 2270 858 2368 quippe
883 2260 966 2362 ipsis
999 2271 1164 2358 gravitate

117 2383 294 2454 doctrinae
327 2402 361 2451 et
383 2383 579 2474 dogmatum
597 2384 745 2452 multum
772 2381 1013 2475 impedimenti
1037 2403 1073 2452 et
1103 2385 1165 2455 de·

118 2499 272 2565 trimenti
291 2497 492 2572 afferentes.
515 2520 586 2578 non
605 2499 754 2564 amicum
774 2495 931 2562 habuisse
952 2496 1116 2565 animum.
1188 2491 1190 2494 ’

123 2614 191 2688 Δ,5.
223 2609 313 2676 Hinc
335 2609 408 2701 ipse
432 2608 481 2675 Li
490 2608 642 2697 psius,
665 2607 769 2678 homo
794 2591 1057 2700 praeconceptis
1086 2611 1161 2704 opi·

117 2721 278 2791 nionibns
309 2741 380 2786 non
413 2735 630 2796 oecoeeatus,
665 2722 703 2788 in
725 2723 805 2792 Vita
835 2721 983 2790 Senecae
1009 2719 1186 2823 editioni·

117 2854 260 2924 operum
287 2832 361 2917 ejus
390 2833 575 2938 praenissa
601 2856 677 2924 cap.
704 2833 749 2900 X.
782 2829 827 2911 de
859 2831 925 2898 hoc
954 2817 1158 2914 commercio

113 2946 159 3018 ita
192 2943 351 3032 judicate
367 2941 392 2973 '⁹
435 2931 509 3014 Hoc
540 2962 649 3016 totum
678 2943 826 3030 rejicere
853 2957 889 3009 et
924 2935 1056 3012 calcare
1084 2969 1158 3016 ιιοιι

113 3058 239 3128 susim:
264 3055 396 3124 fuerint
418 3056 584 3149 aliquae,
595 3056 657 3126 sed
679 3056 801 3125 eliae”

142 3173 203 3238 lta
236 3170 310 3246 fere
347 3168 381 3236 N
388 3170 599 3244 uscheler
627 3171 805 3242 Professor
831 3172 1053 3258 Tigurinus
1042 3196 1080 3237 ιιι
1106 3172 1154 3239 li·

113 3285 198 3354 bro:
238 3285 376 3351 Seneca
407 3284 474 3350 der
498 3265 762 3370 Sittenlelsrer,
794 3310 871 3376 pag.
893 3291 970 3357 5οι.
1000 3283 1152 3371 judicate

112 3396 202 3470 «die
230 3396 341 3462 Briese
365 3398 536 3466 zwischen
557 3399 681 3468 Paulus
709 3399 782 3467 und
803 3401 951 3482 Seneca,
977 3398 1034 3465 die
1055 3399 1155 3490 frey·

7 3505 10 3514 ’
112 3507 181 3576 lich
213 3509 367 3577 offenbas·
399 3512 460 3580 das
492 3516 652 3601 Gezeuge
677 3515 743 3582 der
770 3513 988 3599 Erdiclttung
1010 3529 1153 3600 tragen,

111 3631 247 3716 miissen
261 3623 334 3690 sich
356 3623 478 3690 doch
467 3647 588 3706 ιιιιιιιιιιΙ
608 3627 713 3696 aus
683 3625 855 3714 emeSage
868 3620 1050 3714 griinden,
1066 3607 1147 3696 (lasz

110 3762 165 3805 rw
160 3738 277 3804 seben
298 3734 424 3804 beiden
451 3741 560 3829 einige
581 3740 854 3813 Bekannnchast
876 3741 953 3814 Stat
972 3743 1149 3831 gesunden

111 3853 180 3919 hat.
184 3855 207 3884 '’
229 3855 242 3940 (
249 3851 306 3942 9)

103 4027 356 4044 Μ

141 4133 194 4210 (9)
214 4133 342 4206 Meyer,
363 4137 582 4214 Commentario,
602 4139 631 4192 irs
651 4159 709 4210 qua
730 4141 860 4196 doctrina
879 4141 1036 4196 Stoicorum
1054 4145 1148 4201 ethico
