2810 4784
557 403 573 506 (
617 413 678 510 189·
721 417 736 501 t

150 585 264 690 Ergo
292 617 423 684 annus,
447 613 516 690 qtto
541 599 663 666 Paulus
685 602 826 666 Romam
853 598 965 682 v'eni't,
988 599 1055 667 fnit
1077 599 1169 670 oetas

101 727 176 783 'vus
204 741 329 782 annus
352 737 491 781 onrrens
508 715 666 784 Neronis.
709 714 785 780 Jam
803 714 832 777 si
850 715 1002 804 quinque
1019 716 1172 807 reliquos

103 841 234 895 ‘annos
271 847 310 897 et
330 844 407 896 ooto
425 811 556 894 menses
582 829 684 894 totius
706 829 867 921 temporis
895 830 1034 918 imperii
1055 833 1175 897 Nero⁴

104 940 223 1008 niani
242 942 478 1010 subtrahimus
495 966 514 1005 a
533 955 707 1031 tempore,
731 957 800 1030 quo
819 959 970 1008 mortuus
990 957 1040 1008 est
1059 945 1173 1024 Nero,

109 1078 264 1144 nempe
292 1054 389 1123 adis
415 1077 506 1121 nono
527 1056 651 1123 mensis
676 1055 768 1120 Junii
795 1055 859 1140 683
891 1053 1053 1120 babemus
1084 1055 1176 1124 dieat

112 1186 270 1238 nonum
297 1169 458 1256 Octobris
484 1169 564 1234 anni
589 1163 642 1236 bt.
686 1166 807 1234 Paulus
828 1166 932 1252 igitur
951 1177 1041 1233 anno
1060 1171 1113 1238 62.
1136 1188 1178 1258 pt

115 1282 221 1348 Chr.
245 1307 304 1364 n.,
326 1306 418 1348 anno
436 1298 595 1349 currente
611 1297 729 1348 octavo
738 1279 922 1348 Neroniani
935 1281 1089 1373 imperii,
1114 1284 1174 1370 qui

117 1407 179 1460 est
208 1393 301 1461 inde
324 1421 342 1462 a
367 1395 424 1463 die
444 1399 482 1465 13
505 1395 627 1462 mensis
651 1393 813 1460 Octobris
834 1390 915 1458 anni
939 1395 977 1460 61
1000 1416 1108 1481 usque
1135 1392 1179 1460 ad
1275 1465 1278 1479 ¹

120 1512 167 1576 15
186 1509 341 1575 Octobr.
363 1509 403 1574 62
429 1508 517 1596 (9),
546 1526 581 1573 et
602 1503 742 1594 quidem
760 1522 865 1574 verno
885 1522 1056 1592 tempore,
1081 1524 1117 1572 nt
1137 1531 1179 1573 ex

123 1618 239 1686 Astis
277 1633 394 1705 patet,
426 1615 567 1683 Romam
600 1615 752 1703 captivus
787 1611 900 1700 venit,
930 1625 965 1683 et
1001 1617 1196 1687 biennium·

129 1727 347 1820 captivitatis
365 1729 439 1812 ejus
460 1729 649 1803 Romanae,
673 1723 769 1814 cujus
791 1730 829 1795 in
852 1730 948 1796 Actis
972 1719 1099 1796 mentio
1118 1729 1178 1808 fit,

123 1839 285 1906 'duravit
312 1837 395 1906 inde
425 1865 445 1905 a
474 1855 555 1905 'vere
574 1841 657 1905 anni
677 1844 715 1907 62
743 1865 850 1932 usqne
872 1842 915 1907 ad
937 1861 996 1907 ver
1024 1841 1107 1938 anni
1130 1843 1187 1908 64.

130 1952 345 2034 Caeterum,
363 1967 446 2017 num
460 1965 584 2018 aestate
605 1951 755 2032 stanifl‘i,
774 1977 841 2040 qua
855 1947 947 2020 Nero
965 1952 1104 2015 Romam
1119 1952 1184 2015 in-

136 2062 301 2132 cendisse
317 2062 487 2142 traditur,
510 2060 631 2128 Paulus
649 2061 764 2127 adbuc
785 2059 911 2130 Romae
930 2059 1050 2134 inerit,
1069 2077 1103 2125 et
1122 2083 1181 2124 ex·

133 2192 250 2243 ¹eunte
279 2199 370 2243 anno
392 2179 434 2245 64
455 2174 507 2242 vei
535 2175 677 2242 ineunte
700 2196 790 2238 anno
816 2177 859 2241 65
882 2175 919 2240 in
943 2175 1181 2265 perseeutione

142 2290 423 2358 Christianorum
450 2305 470 2352 t
496 2287 654 2368 Nerone,
688 2286 747 2375 qui
772 2284 927 2352 incendii
950 2285 1114 2352 invidiam
1144 2290 1184 2354 in

143 2403 360 2470 Christianos
394 2398 624 2479 devolvebat,
654 2395 820 2483 imperata
859 2395 951 2462 ‹lism
983 2411 1183 2483 supremum

141 2518 293 2596 obierit,
316 2535 359 2578 an
377 2513 539 2579 liberatus
560 2535 578 2577 e
597 2505 763 2590 vinculis,
785 2508 873 2572 sicut
894 2527 913 2573 a
935 2506 1048 2574 multis
1068 2509 1182 2575 tradi-

147 2637 228 2705 tur,
250 2624 408 2695 ecelesias
437 2650 456 2689 a
487 2647 522 2689 se
555 2619 711 2690 conditas
737 2615 879 2699 adierit,
899 2619 965 2687 boo
990 2645 1112 2710 parum
1136 2623 1182 2690 ad

150 2762 262 2806 meam
288 2759 361 2806 rem
386 2733 530 2802 confert.
574 2729 679 2828 Quod
697 2752 779 2797 vero
797 2730 861 2797 bao
883 2731 1013 2800 ratione
1034 2735 1183 2826 captivi*-

148 2851 229 2913 tatis
265 2842 444 2926 Paulinae,
477 2865 563 2933 quae
585 2841 650 2923 init
672 2841 817 2942 Romae,
849 2858 982 2929 tempus
1010 2843 1052 2912 ad
1079 2871 1186 2914 annos
1283 2852 1289 2860 “

151 2962 214 3041 62,
237 2963 300 3037 65,
324 2960 365 3028 64
381 2940 520 3037 refero,
543 2957 579 3022 in
598 2979 639 3022 eo
660 2955 771 3021 babeo
797 2951 1015 3021 assentientes
1037 2971 1071 3024 et
1089 2975 1185 3024 ante·

151 3089 299 3134 cessores
321 3067 465 3148 multos,—
488 3091 518 3134 e.
537 3091 568 3152 g.
593 3067 841 3152 Eicbborn,
864 3065 1102 3155 Einlet'tottg,
1126 3071 1181 3153 11,

151 3182 205 3251 51.
250 3179 315 3248 Hie
335 3174 426 3245 anno
447 3185 489 3250 60
517 3179 657 3246 Paulum
679 3180 860 3246 Caesareae
880 3177 920 3244 in
940 3179 1076 3246 vincula
1094 3203 1183 3248 oon-

150 3294 278 3375 jeotnm
299 3315 369 3358 esse
388 3307 574 3378 computat.
610 3291 697 3355 Hine
716 3293 892 3380 sequitur,
912 3291 1074 3379 qnoniam
1092 3291 1185 3358 Pau·

151 3399 204 3465 lus
232 3403 412 3487 per-duos
445 3425 552 3467 annos
584 3402 766 3469 Caesareae
794 3404 945 3491 captivus
970 3405 1119 3487 mansit,
1150 3425 1185 3474 et

153 3531 223 3579 non
240 3515 343 3580 breve
366 3533 498 3604 tempus
515 3514 552 3579 in
570 3513 693 3581 itinere
713 3515 846 3584 marino
868 3509 1073 3599 consumsit,
1097 3535 1186 3604 apo·¹

200 3695 204 3706 t

166 3716 371 3735 m

187 3850 243 3923 (9)
262 3850 330 3903 Nero
351 3852 420 3906 enim
442 3853 578 3923 imperinm
598 3855 736 3926 capessivit
753 3854 795 3908 die
813 3856 1033 3918 montanista.
1050 3859 1184 3918 Sueton.

156 3937 256 3990 Clond-
270 3941 319 4006 455
338 3934 445 3995 Tacit.
454 3936 503 3993 x11
510 3977 518 4004 ,
535 3933 685 4012 eap.uitim.
720 3946 808 3998 Annus
820 3958 922 4000 octavus
941 3937 1049 4002 Neronia
1066 3967 1142 4018 ergo,
1160 3949 1187 4002 in

153 4035 203 4092 quo
221 4024 318 4078 Seneca
335 4035 393 4095 post
407 4026 505 4080 Burrbi
522 4043 630 4084 mortem
650 4049 735 4086 eoram
753 4032 860 4088 Caesare
872 4036 949 4089 verba
968 4036 1029 4089 iecit
1044 4036 1192 4090 missionem

155 4121 244 4178 patens
253 4153 263 4183 ,
280 4124 319 4170 stt
333 4114 516 4186 computandus
531 4133 547 4172 a
564 4111 606 4174 tie
628 4118 919 4194 nortmannosque
938 4122 969 4174 ad
988 4126 1020 4178 ιδ
1035 4123 1094 4183 Oet.
1106 4114 1149 4182 6'2.
