2810 4784
592 361 863 474 ,(ἰῦ)

251 543 326 624 tiam
342 551 458 632 abest,
480 560 520 614 ut
541 543 636 618 moue
655 544 812 635 opinioni
826 545 1046 626 adversetur,
1069 558 1108 614 ut
1134 539 1307 632 probet
1320 590 1336 622 ,

249 665 394 738 Paulum
413 665 483 750 itm
505 661 542 730 in
563 663 749 746 iuventutis
769 663 889 746 annia,
908 683 988 730 cum
1010 659 1049 726 in
1069 659 1155 738 nube
1181 659 1336 749 mia

252 782 374 868 Tarsi,
384 775 579 848 scholarum
595 772 913 870 philosophicarum
927 773 1098 845 domicilio
1111 793 1190 852 tum
1205 792 1338 852 nerm-

250 899 367 988 poria,
390 909 550 982 utsupra
563 905 719 960 notatum
738 905 809 973 cat,
829 889 1052 960 celeberrimo
1064 889 1335 972 educaretur,

252 1009 410 1078 notitiam
434 1005 584 1100 aliquam
612 1003 749 1074 Stoicae
775 1001 1015 1094 philosophiae
1033 1005 1223 1077 imbibisse
1242 1051 1261 1080 .
1292 1021 1337 1072 et

252 1123 354 1200 ideo,
368 1147 445 1191 cum
465 1122 592 1191 Romae
613 1123 769 1208 captivus
790 1117 1021 1200 detineretur,
1037 1137 1073 1188 ct
1088 1120 1126 1190 in
1142 1118 1334 1196 familio-

252 1238 391 1310 ritttcm
404 1235 553 1326 aliquam
567 1259 646 1305 cum
661 1235 789 1304 Seneca
800 1232 952 1302 adscitus
970 1236 1182 1304 occasionem
1201 1235 1332 1304 Stoi-

254 1375 314 1421 cao
334 1350 572 1440 philosophiae
595 1350 787 1420 accuratius
819 1347 1074 1436 cognoscendae
1100 1373 1333 1442 peroppor-

253 1480 373 1533 tunam
388 1463 668 1548 nancisceretur,
681 1487 723 1533 to
737 1463 912 1532 Iubentius
927 1463 966 1530 in
980 1487 1035 1532 eas
1049 1464 1189 1548 literas,
1209 1491 1328 1555 qna-

253 1603 334 1648 rum
357 1579 515 1646 notitiam
542 1577 693 1668 aliquam
720 1605 740 1647 a
772 1579 886 1666 prima
915 1577 999 1646 iudo
1026 1581 1211 1665 juventute
1240 1581 1324 1650 sibi

255 1691 517 1776 conciliaverat,
537 1692 733 1760 incubuisse
755 1709 790 1760 ot
810 1691 1007 1760 lectitandis
1037 1693 1242 1764 Stoicorum
1276 1713 1317 1764 et

256 1809 407 1877 Senecae
427 1805 566 1895 scriptis
586 1830 727 1899 operam
748 1829 898 1876 navasse.

299 1922 420 2010 Ncque
443 1920 510 1986 hoc
535 1919 729 1986 Stoicarum
749 1919 927 1990 literarum
946 1922 1098 1990 studium
1116 1949 1137 1990 a
1159 1923 1306 1994 doctore

255 2032 401 2101 Iudaico
427 2054 538 2123 eoque
563 2031 823 2100 Pharisaeorum
849 2052 960 2102 scctac
990 2036 1132 2104 addicto
1155 2059 1288 2126 prorsus

257 2145 408 2220 alianum
427 2167 498 2212 csse
519 2166 658 2211 consere
677 2167 875 2235 possumus,
898 2171 974 2214 cum
994 2167 1149 2229 constet,
1169 2151 1293 2220 Phasi-

259 2283 353 2330 saeos
376 2260 416 2326 in
439 2257 555 2326 multis
580 2281 659 2326 cum
682 2258 806 2328 Stoicis
830 2263 1049 2330 consensisse.
1094 2264 1192 2333 Sicut
1208 2265 1303 2334 sat.-

259 2375 383 2444 ducaci
397 2398 475 2443 cum
486 2372 695 2464 Epicureis,
717 2375 837 2450 Esseni
861 2397 938 2440 cum
956 2374 1140 2446 Platonicis
1155 2401 1305 2468 compa·

259 2492 331 2561 rari
351 2491 485 2575 solent3
506 2490 554 2557 sic
575 2489 745 2557 Pharisaei
767 2513 845 2554 cum
863 2488 986 2556 Stoicis
1007 2493 1200 2580 comparari
1219 2517 1308 2582 pos-

259 2623 351 2674 sunt.
371 2606 508 2672 Habent
525 2605 618 2670 onim
635 2602 800 2672 nonnulla
816 2627 894 2672 cum
911 2605 1035 2672 Stoicis
1056 2607 1308 2676 convenientia.

260 2717 428 2814 Joscphus
451 2717 489 2784 in
511 2716 607 2786 Bello
639 2717 784 2786 Iudaico
813 2718 876 2787 lib.
898 2720 955 2803 11,
980 2742 1012 2788 o·
1029 2743 1069 2808 7.
1093 2743 1130 2809 p·
1153 2723 1242 2808 788,
1269 2725 1311 2794 G.

260 2835 347 2903 edit.
370 2834 493 2900 Colou.
516 2831 601 2898 haec
623 2831 746 2900 habet:
793 2846 952 2920 Φοοριοοῖοι
981 2838 1152 2922 είμοιρροίνρ
1177 2842 1235 2909 xci
1261 2844 1312 2924 ίεῷ

260 2951 472 3034 προσάπτουσι
488 2947 609 3015 saissa·
627 2947 680 3014 κοιί
697 2949 732 3015 τὸ
748 2951 806 3031 μὲν
821 2951 1028 3034 πράττειντὰ
1045 2955 1151 3021 δίκαιον
1170 2957 1228 3023 ani
1249 2959 1311 3040 μίν,

198 3064 203 3074 ’
263 3065 580 3143 assistricem,
597 3063 648 3130 ἐπὶ
666 3071 730 3140 τοῖς
745 3066 907 3146 ἀνθρώποις
926 3071 1063 3146 cratae,
1077 3071 1202 3152 βονίεῖν
1219 3072 1255 3140 δὲ
1274 3074 1311 3145 sis

261 3179 394 3252 innecto
417 3179 469 3250 ιιοιί
490 3179 689 3266 είριοιρριίνιρν.
732 3177 907 3266 Antiquit.
929 3177 1007 3244 Iud.
1029 3179 1090 3246 lib.
1108 3182 1253 3264 XVIII,
1280 3207 1313 3260 s,

171 3332 175 3346 ·
262 3317 301 3384 p.
319 3298 407 3382 617,
429 3292 479 3360 Da
509 3294 662 3364 Ἐποντιιι
685 3295 713 3360 οί
735 3303 892 3376 Φορισοῖοι
916 3305 955 3379 τῇ
974 3299 1146 3382 ἡγεμονίᾳ,
1167 3296 1242 3368 οἷοί
1266 3301 1314 3369 II·

265 3437 322 3492 νος
342 3413 444 3496 κρίνοις
469 3411 642 3494 supiiciter
676 3411 813 3492 οἶνοίῶν.
858 3408 1056 3494 Προίοοεσίοιί
1079 3438 1115 3481 τε
1142 3415 1315 3499 είμοιρμέορ

264 3528 310 3594 τοὶ
330 3525 438 3594 adven
451 3524 609 3606 ἀξιοῦντες
622 3573 632 3600 ,
652 3526 785 3594 οὐδὲτοῦ
800 3525 982 3607 ἀνθρωπείου
996 3527 1031 3593 τὸ
1051 3527 1241 3610 βουλόμενον
1261 3540 1315 3608 τῆς

266 3642 428 3715 ἕνόιῦτῆς
442 3641 534 3722 Ipsis
554 3642 770 3725 ἀφαιροῦνται.
795 3635 871 3702 Gfr.
892 3638 1042 3728 Antiqq.
1065 3639 1146 3709 Jud.
1168 3640 1315 3728 LXIII,

266 3776 309 3842 9,
331 3775 370 3839 p·
388 3751 475 3834 442,
489 3749 531 3819 Ε.

256 3927 259 3932 .
312 3865 372 3934 Sic
391 3882 425 3932 et
444 3864 550 3934 Stoici
573 3863 617 3932 dc
634 3863 705 3934 fato
722 3863 847 3934 docere
863 3882 898 3934 et
912 3865 1106 3936 libertatem
1130 3869 1313 3939 humanam

234 3985 236 3990 ’
268 4005 347 4048 cum
374 3979 445 4047 fato
473 3977 655 4046 conciliare
691 3979 857 4046 solebant.
902 3981 972 4046 Cir.
1004 3983 1311 4070 Tiedemann,

270 4097 373 4168 Geict
397 4094 462 4163 der
479 4096 720 4183 speculativen
748 4096 886 4164 Ρίιίίοο.
916 4096 957 4162 Τ.
969 4095 1025 4172 11,
1047 4123 1083 4194 p.
1101 4099 1165 4170 486
1188 4124 1270 4192 sqq.
