2866 4780
563 447 580 533 t
623 455 664 536 aa
708 442 723 533 )

121 627 286 698 ultimum
319 626 482 719 capientia
509 649 602 701 erae.
639 630 887 712 ὁμολογουμένως
917 631 980 718 Cair-
1035 629 1166 698 Seneca

123 741 244 830 Epist,
262 743 325 830 74:
362 772 380 814 a
397 741 515 807 Virtus
535 742 771 807 convenientia
790 757 933 809 constat.
954 743 1077 809 Omnia
1093 747 1168 829 ejus

129 876 240 944 opera
268 875 348 922 cum
373 855 447 942 ipsa
475 853 687 922 concordant
717 871 751 922 et
783 857 1014 942 congruunt.’'
1057 855 1166 947 Apud

133 970 339 1036 Ciceronem
353 967 396 1034 dc
406 968 518 1034 Finib.
529 967 589 1034 111.
605 967 738 1035 Stoicus
750 970 836 1037 Cato
850 970 995 1060 loquens
1012 967 1171 1034 introdu-

134 1082 243 1176 citurz
270 1111 293 1152 «-
305 1081 480 1156 Summum
501 1080 646 1146 hominis
664 1081 790 1148 bonum
813 1083 960 1171 positum
979 1099 1032 1150 eat
1050 1084 1087 1148 iu
1106 1104 1166 1164 eo,
1260 1163 1262 1168 ,

134 1183 230 1287 quod
254 1191 562 1280 peroptaverant
583 1193 709 1273 Stoici,
727 1195 836 1262 nostri
858 1194 1168 1270 convenientiam.”

134 1310 227 1390 Hace
252 1307 490 1377 convenientia
517 1305 570 1374 vel
591 1313 742 1392 tpoaoyta
766 1309 808 1388 ab
832 1310 1009 1376 Antonino
1031 1309 1077 1375 ita
1104 1308 1174 1375 de·

136 1423 320 1494 scribitura
356 1428 392 1494 '0
413 1426 457 1498 aia
475 1429 584 1492 τοῦτον
603 1427 751 1512 (nempe
769 1423 875 1490 finem
901 1422 1089 1509 summum)
1114 1427 1178 1500 uait

137 1539 218 1618 idlae
234 1539 329 1620 δομοις
342 1539 537 1617 ἀπευθύνων,
551 1537 658 1612 eoiret
675 1541 735 1611 τοὶς
759 1539 885 1620 πράξεις
901 1541 1009 1620 ὁμοίοις
1027 1539 1179 1613 ἀποδώσει

142 1647 198 1715 xa)
217 1649 302 1724 κιιτοὶ
327 1653 416 1724 τοῦτο
435 1649 484 1715 ἀεὶ
504 1651 518 1716 i
541 1651 634 1722 οιῦτδς
654 1647 730 1731 (κο)
751 1646 852 1724 atriu
872 1644 1175 1728 antecedentibus)
1291 1638 1294 1644 ¹

142 1758 247 1834 ἔσται,
291 1740 419 1822 διίηεοι
447 1755 559 1848 Epist.
584 1778 654 1824 rao·
687 1755 875 1844 sapientem
907 1755 954 1822 ita
988 1757 1176 1826 describit:

142 1895 163 1938 u
182 1867 327 1954 Semper
341 1863 435 1938 idem
450 1869 556 1932 estin
576 1867 667 1934 omni
682 1884 761 1932 actu
775 1893 852 1954 par
871 1867 937 1935 ribi
959 1901 1000 1920 -·
1023 1891 1181 1954 magnam

140 2001 218 2046 rem
249 1995 353 2067 puta,
378 2001 487 2046 unum
510 1979 691 2044 hominem
717 1999 827 2062 agere.
870 1977 1010 2047 Praeter
1038 1982 1184 2070 sapien-¹

141 2109 212 2158 tem
232 2115 333 2159 nemo
353 2115 465 2159 unum
481 2092 588 2178 agit3
613 2091 738 2153 caeteri
754 2085 977 2156 multiformes
1001 2115 1115 2159 eumue
1138 2131 1182 2155 .-

145 2229 323 2294 nunquam
344 2206 396 2270 vir
415 2202 473 2269 ille
487 2203 666 2292 fortunae
690 2201 896 2280 maledixit.
920 2223 1099 2298 nunquam
1120 2232 1184 2274 ac·

146 2319 297 2390 ridentia
328 2319 434 2387 tristia
462 2317 620 2410 excepit3
654 2316 764 2384 civem
797 2339 869 2384 esse
896 2339 930 2382 sc
961 2323 1122 2388 univerai
1149 2339 1185 2391 et

109 2499 114 2506 x
144 2433 297 2502 militem
327 2430 503 2517 credens,
541 2428 677 2501 labores
715 2427 808 2496 velut
846 2431 1030 2520 imperator
1065 2435 1182 2502 subiit.

146 2543 328 2635 Quicquid
360 2543 555 2628 inciderat,
592 2567 664 2610 nou
697 2557 898 2628 aspernatus
927 2561 979 2610 est
1013 2561 1186 2636 tamquam

146 2659 274 2729 casuin
290 2682 325 2724 se
347 2656 584 2736 delatum,aed
606 2655 703 2745 quasi
721 2656 926 2744 delegatum
943 2657 1020 2725 sibi.
1050 2661 1182 2728 Neces-

148 2773 240 2840 aario
263 2772 380 2862 itaque
408 2793 548 2857 magnus
570 2768 751 2860 apparuit,
786 2771 847 2860 qui
876 2795 1063 2862 numquam
1091 2775 1188 2844 malis

148 2884 339 2970 ingemuit,
361 2907 548 2975 numquam
576 2883 621 2950 de
648 2905 708 2950 suo
726 2883 816 2972 fato
847 2905 986 2975 questus
1004 2907 1077 2978 θοις
1101 2892 1186 2962 fecit
1296 2969 1299 2974 ,

150 3000 268 3068 multis
291 2997 505 3066 intellectum
531 2997 601 3080 sui,
624 3013 659 3062 et
676 3019 747 3064 non
768 2995 868 3066 aliter
889 3023 991 3090 quam
1018 3007 1055 3070 in
1082 3021 1188 3076 tene.

149 3102 231 3182 bria¹
246 3115 364 3183 damen
388 3113 548 3204 effudit,
572 3109 788 3202 advertitque
811 3111 849 3178 in
873 3137 908 3180 se
933 3118 1084 3184 omnium
1109 3122 1188 3186 ani·

150 3251 243 3306 mos,
265 3253 341 3294 cum
361 3243 451 3296 esset
466 3228 641 3317 placidae
665 3242 700 3293 et
729 3227 833 3294 lenia.
877 3227 1035 3296 Habebat
1060 3234 1189 3320 perfe-

151 3354 252 3413 etum
267 3340 486 3409 animemed
505 3363 673 3407 summam
692 3339 744 3407 tui
766 3339 952 3424 adductus,
969 3365 1073 3434 supra
1088 3371 1192 3436 quam

152 3454 240 3521 nihii
265 3473 315 3522 est
334 3457 401 3529 niai
425 3449 625 3540 mens‚Dei‚
647 3478 689 3528 ex
713 3477 784 3543 qua
806 3477 897 3541 para
916 3471 950 3521 et
969 3455 1005 3521 in
1027 3461 1094 3526 ltoc
1113 3485 1190 3551 pe..

151 3583 235 3666 ctua
248 3570 396 3636 mortale
407 3570 580 3660 depinxit,
592 3568 686 3658 quod
706 3590 893 3660 numquam
910 3574 1013 3658 magis
1033 3573 1189 3645 divinum

152 3701 226 3767 eat,
260 3707 363 3772 quam
397 3683 457 3758 ubi
482 3682 722 3750 mortalitatem
751 3703 845 3747 suam
880 3687 1005 3771 cogitat
1035 3705 1069 3756 et
1102 3690 1192 3776 scit,

153 3822 224 3864 non
254 3796 392 3864 domum
423 3822 494 3865 ease
518 3798 584 3868 hoc
604 3817 758 3894 corpus,
781 3795 844 3862 sed
867 3798 1065 3888 hospitium.
1108 3805 1192 3888 Ma·

153 3914 281 3980 ximum
311 3927 547 3997 argumentum
582 3926 636 3978 est
664 3909 769 3975 animi
806 3911 848 3978 ab
878 3914 990 3981 altiori
1024 3919 1191 3985 venientis
1271 3949 1276 3953 ’

154 4027 257 4113 rede,
281 4027 309 4093 si
339 4027 449 4108 haec,
478 4023 663 4116 inquibus
693 4039 870 4114 versatur,
893 4027 1032 4125 humilia
1059 4029 1192 4117 judicat
