<?xml version="1.0" encoding="UTF-8"?>
<!DOCTYPE html PUBLIC "-//W3C//DTD XHTML 1.0 Transitional//EN"
    "http://www.w3.org/TR/xhtml1/DTD/xhtml1-transitional.dtd">
<html xmlns="http://www.w3.org/1999/xhtml" xml:lang="en" lang="en">
 <head>
  <title>
</title>
<meta http-equiv="Content-Type" content="text/html;charset=utf-8" />
  <meta name='ocr-system' content='tesseract 3.04.00' />
  <meta name='ocr-capabilities' content='ocr_page ocr_carea ocr_par ocr_line ocrx_word'/>
</head>
<body>
  <div class='ocr_page' id='page_1' title='image "./vindiciaeorigin01gelpgoog_0230.png"; bbox 0 0 2810 4784; ppageno 0'>
   <div class='ocr_carea' id='block_1_1' title="bbox 526 427 844 546">
    <p class='ocr_par' dir='ltr' id='par_1_1' title="bbox 526 427 844 546">
     <span class='ocr_line' id='line_1_1' title="bbox 526 427 844 546; baseline 0.009 -34"><span class='ocrx_word' id='word_1_1' title='bbox 526 427 743 542; x_wconf 65' lang='lat' dir='ltr'><strong>„tert</strong></span> <span class='ocrx_word' id='word_1_2' title='bbox 841 527 844 546; x_wconf 44' lang='grc'>,</span> 
     </span>
    </p>
   </div>
   <div class='ocr_carea' id='block_1_2' title="bbox 112 587 1222 2521">
    <p class='ocr_par' dir='ltr' id='par_1_2' title="bbox 112 587 1222 2521">
     <span class='ocr_line' id='line_1_2' title="bbox 137 587 1184 701; baseline -0.011 -14"><span class='ocrx_word' id='word_1_3' title='bbox 137 642 244 700; x_wconf 82' lang='lat' dir='ltr'><strong>cens,</strong></span> <span class='ocrx_word' id='word_1_4' title='bbox 275 641 309 685; x_wconf 89' lang='lat' dir='ltr'><strong>se</strong></span> <span class='ocrx_word' id='word_1_5' title='bbox 333 609 444 686; x_wconf 87' lang='lat' dir='ltr'><strong>nihil,</strong></span> <span class='ocrx_word' id='word_1_6' title='bbox 470 609 563 699; x_wconf 84' lang='lat' dir='ltr'><strong>quod</strong></span> <span class='ocrx_word' id='word_1_7' title='bbox 587 587 707 701; x_wconf 85' lang='lat' dir='ltr'><strong>patriis</strong></span> <span class='ocrx_word' id='word_1_8' title='bbox 733 609 885 678; x_wconf 86' lang='lat' dir='ltr'><strong>moribus</strong></span> <span class='ocrx_word' id='word_1_9' title='bbox 907 627 947 674; x_wconf 91' lang='lat' dir='ltr'><strong>ac</strong></span> <span class='ocrx_word' id='word_1_10' title='bbox 966 601 1097 694; x_wconf 81' lang='lat' dir='ltr'><strong>legibus</strong></span> <span class='ocrx_word' id='word_1_11' title='bbox 1121 622 1184 676; x_wconf 77' lang='grc' dir='ltr'><strong>1οὀ</strong></span> 
     </span>
     <span class='ocr_line' id='line_1_3' title="bbox 133 705 1182 823; baseline -0.008 -27"><span class='ocrx_word' id='word_1_12' title='bbox 133 747 288 823; x_wconf 80' lang='lat' dir='ltr'><strong>pugnet,</strong></span> <span class='ocrx_word' id='word_1_13' title='bbox 311 705 372 795; x_wconf 86' lang='lat' dir='ltr'><strong>scd</strong></span> <span class='ocrx_word' id='word_1_14' title='bbox 392 729 506 796; x_wconf 68' lang='grc'><strong>17111111</strong></span> <span class='ocrx_word' id='word_1_15' title='bbox 531 733 585 796; x_wconf 77' lang='grc' dir='ltr'><strong>τοῦ</strong></span> <span class='ocrx_word' id='word_1_16' title='bbox 613 727 759 812; x_wconf 69' lang='grc' dir='ltr'><strong>Ἰσραὴλ,</strong></span> <span class='ocrx_word' id='word_1_17' title='bbox 782 724 819 790; x_wconf 92' lang='lat' dir='ltr'><strong>in</strong></span> <span class='ocrx_word' id='word_1_18' title='bbox 848 725 929 790; x_wconf 85' lang='lat' dir='ltr'><strong>Jeeu</strong></span> <span class='ocrx_word' id='word_1_19' title='bbox 954 720 1182 810; x_wconf 87' lang='lat' dir='ltr'><strong>completam,</strong></span> 
     </span>
     <span class='ocr_line' id='line_1_4' title="bbox 133 833 1187 934; baseline -0.009 -23"><span class='ocrx_word' id='word_1_20' title='bbox 133 865 349 934; x_wconf 83' lang='lat' dir='ltr'><strong>proponere.</strong></span> <span class='ocrx_word' id='word_1_21' title='bbox 391 839 438 905; x_wconf 88' lang='lat' dir='ltr'><strong>Et</strong></span> <span class='ocrx_word' id='word_1_22' title='bbox 459 861 664 932; x_wconf 83' lang='lat' dir='ltr'><strong>quamquam</strong></span> <span class='ocrx_word' id='word_1_23' title='bbox 678 839 720 905; x_wconf 85' lang='lat' dir='ltr'><strong>ab</strong></span> <span class='ocrx_word' id='word_1_24' title='bbox 735 837 835 904; x_wconf 90' lang='lat' dir='ltr'><strong>initio</strong></span> <span class='ocrx_word' id='word_1_25' title='bbox 852 835 966 926; x_wconf 81' lang='lat' dir='ltr'><strong>plures</strong></span> <span class='ocrx_word' id='word_1_26' title='bbox 978 833 1187 903; x_wconf 88' lang='lat' dir='ltr'><strong>reniteban-</strong></span> 
     </span>
     <span class='ocr_line' id='line_1_5' title="bbox 137 947 1188 1044; baseline -0.016 -13"><span class='ocrx_word' id='word_1_27' title='bbox 137 977 196 1031; x_wconf 78' lang='lat' dir='ltr'><strong>¹tur</strong></span> <span class='ocrx_word' id='word_1_28' title='bbox 221 960 413 1044; x_wconf 71' lang='lat' dir='ltr'><strong>(sitientes,</strong></span> <span class='ocrx_word' id='word_1_29' title='bbox 432 953 553 1020; x_wconf 81' lang='lat' dir='ltr'><strong>Actor.</strong></span> <span class='ocrx_word' id='word_1_30' title='bbox 568 951 741 1031; x_wconf 83' lang='lat' dir='ltr'>XXVIII,</span> <span class='ocrx_word' id='word_1_31' title='bbox 762 955 853 1042; x_wconf 78' lang='lat'><strong>24);</strong></span> <span class='ocrx_word' id='word_1_32' title='bbox 877 949 977 1018; x_wconf 89' lang='lat' dir='ltr'><strong>multi</strong></span> <span class='ocrx_word' id='word_1_33' title='bbox 1000 967 1113 1017; x_wconf 87' lang='lat' dir='ltr'><strong>tamen</strong></span> <span class='ocrx_word' id='word_1_34' title='bbox 1127 947 1188 1014; x_wconf 86' lang='lat' dir='ltr'><strong>di·</strong></span> 
     </span>
     <span class='ocr_line' id='line_1_6' title="bbox 138 1050 1198 1161; baseline -0.009 -21"><span class='ocrx_word' id='word_1_35' title='bbox 138 1075 203 1140; x_wconf 89' lang='lat' dir='ltr'><strong>ctis</strong></span> <span class='ocrx_word' id='word_1_36' title='bbox 237 1069 334 1136; x_wconf 81' lang='lat' dir='ltr'><strong>Pauli</strong></span> <span class='ocrx_word' id='word_1_37' title='bbox 357 1069 502 1157; x_wconf 89' lang='lat' dir='ltr'><strong>obsequi</strong></span> <span class='ocrx_word' id='word_1_38' title='bbox 532 1093 604 1135; x_wconf 90' lang='lat' dir='ltr'><strong>non</strong></span> <span class='ocrx_word' id='word_1_39' title='bbox 632 1067 852 1136; x_wconf 81' lang='lat' dir='ltr'><strong>dubitabant.</strong></span> <span class='ocrx_word' id='word_1_40' title='bbox 911 1068 1061 1158; x_wconf 86' lang='lat' dir='ltr'><strong>Quoque</strong></span> <span class='ocrx_word' id='word_1_41' title='bbox 1085 1050 1198 1161; x_wconf 79' lang='lat' dir='ltr'><strong>magis</strong></span> 
     </span>
     <span class='ocr_line' id='line_1_7' title="bbox 140 1180 1191 1272; baseline -0.006 -20"><span class='ocrx_word' id='word_1_42' title='bbox 140 1211 220 1252; x_wconf 88' lang='lat' dir='ltr'><strong>rum</strong></span> <span class='ocrx_word' id='word_1_43' title='bbox 238 1183 470 1267; x_wconf 82' lang='lat' dir='ltr'><strong>integritatem</strong></span> <span class='ocrx_word' id='word_1_44' title='bbox 492 1181 667 1272; x_wconf 81' lang='lat' dir='ltr'><strong>animique</strong></span> <span class='ocrx_word' id='word_1_45' title='bbox 685 1183 871 1251; x_wconf 84' lang='lat' dir='ltr'><strong>candorem</strong></span> <span class='ocrx_word' id='word_1_46' title='bbox 894 1199 930 1247; x_wconf 92' lang='lat' dir='ltr'><strong>ct</strong></span> <span class='ocrx_word' id='word_1_47' title='bbox 950 1206 1021 1249; x_wconf 92' lang='lat' dir='ltr'><strong>non</strong></span> <span class='ocrx_word' id='word_1_48' title='bbox 1040 1180 1191 1248; x_wconf 82' lang='lat' dir='ltr'><strong>fucatam</strong></span> 
     </span>
     <span class='ocr_line' id='line_1_8' title="bbox 137 1295 1194 1389; baseline -0.007 -24"><span class='ocrx_word' id='word_1_49' title='bbox 137 1323 218 1384; x_wconf 85' lang='lat' dir='ltr'><strong>erga</strong></span> <span class='ocrx_word' id='word_1_50' title='bbox 241 1296 558 1383; x_wconf 85' lang='lat' dir='ltr'><strong>Deumpietatem,</strong></span> <span class='ocrx_word' id='word_1_51' title='bbox 589 1298 737 1385; x_wconf 86' lang='lat' dir='ltr'><strong>quaein</strong></span> <span class='ocrx_word' id='word_1_52' title='bbox 763 1295 917 1389; x_wconf 87' lang='lat' dir='ltr'><strong>apostolo</strong></span> <span class='ocrx_word' id='word_1_53' title='bbox 941 1295 1030 1378; x_wconf 82' lang='lat' dir='ltr'><strong>tuit,</strong></span> <span class='ocrx_word' id='word_1_54' title='bbox 1058 1314 1194 1378; x_wconf 81' lang='lat' dir='ltr'><strong>cogno·</strong></span> 
     </span>
     <span class='ocr_line' id='line_1_9' title="bbox 136 1397 1193 1498; baseline -0.008 -16"><span class='ocrx_word' id='word_1_55' title='bbox 136 1426 287 1493; x_wconf 77' lang='lat' dir='ltr'><strong>verunt,</strong></span> <span class='ocrx_word' id='word_1_56' title='bbox 310 1433 350 1476; x_wconf 94' lang='lat' dir='ltr'><strong>eo</strong></span> <span class='ocrx_word' id='word_1_57' title='bbox 370 1408 487 1498; x_wconf 89' lang='lat' dir='ltr'><strong>plures</strong></span> <span class='ocrx_word' id='word_1_58' title='bbox 507 1408 613 1476; x_wconf 86' lang='lat' dir='ltr'><strong>Paulo</strong></span> <span class='ocrx_word' id='word_1_59' title='bbox 634 1400 749 1478; x_wconf 83' lang='lat' dir='ltr'><strong>farere</strong></span> <span class='ocrx_word' id='word_1_60' title='bbox 770 1421 959 1496; x_wconf 87' lang='lat' dir='ltr'><strong>coeperunt</strong></span> <span class='ocrx_word' id='word_1_61' title='bbox 982 1407 1058 1495; x_wconf 84' lang='lat'><strong>(4).</strong></span> <span class='ocrx_word' id='word_1_62' title='bbox 1102 1397 1193 1475; x_wconf 87' lang='lat' dir='ltr'><strong>Cum</strong></span> 
     </span>
     <span class='ocr_line' id='line_1_10' title="bbox 112 1501 1194 1616; baseline -0.004 -24"><span class='ocrx_word' id='word_1_63' title='bbox 112 1501 117 1508; x_wconf 27' lang='grc' dir='ltr'>ι</span> <span class='ocrx_word' id='word_1_64' title='bbox 138 1542 317 1616; x_wconf 83' lang='lat' dir='ltr'><strong>praeterea</strong></span> <span class='ocrx_word' id='word_1_65' title='bbox 339 1521 523 1589; x_wconf 89' lang='lat' dir='ltr'><strong>nonnullos</strong></span> <span class='ocrx_word' id='word_1_66' title='bbox 545 1547 588 1589; x_wconf 82' lang='lat' dir='ltr'><strong>er</strong></span> <span class='ocrx_word' id='word_1_67' title='bbox 606 1525 680 1612; x_wconf 83' lang='lat' dir='ltr'><strong>ipsu</strong></span> <span class='ocrx_word' id='word_1_68' title='bbox 700 1521 804 1590; x_wconf 90' lang='lat' dir='ltr'><strong>domo</strong></span> <span class='ocrx_word' id='word_1_69' title='bbox 829 1522 1075 1608; x_wconf 82' lang='lat' dir='ltr'><strong>Caesaris&#39;ejus</strong></span> <span class='ocrx_word' id='word_1_70' title='bbox 1095 1545 1194 1588; x_wconf 83' lang='lat' dir='ltr'><strong>asse·</strong></span> 
     </span>
     <span class='ocr_line' id='line_1_11' title="bbox 141 1619 1195 1718; baseline -0.004 -12"><span class='ocrx_word' id='word_1_71' title='bbox 141 1639 210 1707; x_wconf 86' lang='lat' dir='ltr'><strong>clas</strong></span> <span class='ocrx_word' id='word_1_72' title='bbox 223 1656 257 1706; x_wconf 93' lang='lat' dir='ltr'><strong>et</strong></span> <span class='ocrx_word' id='word_1_73' title='bbox 271 1639 416 1718; x_wconf 86' lang='lat' dir='ltr'><strong>amicos,</strong></span> <span class='ocrx_word' id='word_1_74' title='bbox 431 1659 496 1702; x_wconf 91' lang='lat' dir='ltr'><strong>nec</strong></span> <span class='ocrx_word' id='word_1_75' title='bbox 519 1619 590 1702; x_wconf 86' lang='lat' dir='ltr'><strong>non</strong></span> <span class='ocrx_word' id='word_1_76' title='bbox 614 1637 800 1713; x_wconf 82' lang='lat' dir='ltr'><strong>Senecam,</strong></span> <span class='ocrx_word' id='word_1_77' title='bbox 819 1637 931 1702; x_wconf 77' lang='lat' dir='ltr'><strong>virum</strong></span> <span class='ocrx_word' id='word_1_78' title='bbox 951 1633 1141 1702; x_wconf 87' lang='lat' dir='ltr'><strong>honoribus</strong></span> <span class='ocrx_word' id='word_1_79' title='bbox 1158 1647 1195 1702; x_wconf 85' lang='lat' dir='ltr'><strong>et</strong></span> 
     </span>
     <span class='ocr_line' id='line_1_12' title="bbox 140 1729 1222 1840; baseline -0.004 -18"><span class='ocrx_word' id='word_1_80' title='bbox 140 1756 342 1823; x_wconf 87' lang='lat' dir='ltr'><strong>auctoritate</strong></span> <span class='ocrx_word' id='word_1_81' title='bbox 364 1749 609 1840; x_wconf 79' lang='lat' dir='ltr'><strong>conspicuum,</strong></span> <span class='ocrx_word' id='word_1_82' title='bbox 628 1729 768 1816; x_wconf 79' lang='lat' dir='ltr'><strong>Paulum</strong></span> <span class='ocrx_word' id='word_1_83' title='bbox 781 1749 960 1816; x_wconf 88' lang='lat' dir='ltr'><strong>interdum</strong></span> <span class='ocrx_word' id='word_1_84' title='bbox 978 1749 1142 1818; x_wconf 83' lang='lat' dir='ltr'><strong>visentem</strong></span> <span class='ocrx_word' id='word_1_85' title='bbox 1158 1762 1196 1818; x_wconf 83' lang='lat' dir='ltr'><strong>et</strong></span> <span class='ocrx_word' id='word_1_86' title='bbox 1220 1823 1222 1826; x_wconf 64' lang='grc'><strong>,</strong></span> 
     </span>
     <span class='ocr_line' id='line_1_13' title="bbox 143 1862 1196 1956; baseline -0.005 -19"><span class='ocrx_word' id='word_1_87' title='bbox 143 1891 220 1938; x_wconf 94' lang='lat' dir='ltr'><strong>cum</strong></span> <span class='ocrx_word' id='word_1_88' title='bbox 239 1891 280 1936; x_wconf 91' lang='lat' dir='ltr'><strong>eo</strong></span> <span class='ocrx_word' id='word_1_89' title='bbox 305 1862 562 1954; x_wconf 85' lang='lat' dir='ltr'><strong>colloquentem</strong></span> <span class='ocrx_word' id='word_1_90' title='bbox 585 1862 746 1932; x_wconf 84' lang='lat' dir='ltr'><strong>riderent</strong></span> <span class='ocrx_word' id='word_1_91' title='bbox 771 1881 807 1931; x_wconf 91' lang='lat' dir='ltr'><strong>et</strong></span> <span class='ocrx_word' id='word_1_92' title='bbox 828 1862 1010 1951; x_wconf 81' lang='lat' dir='ltr'><strong>audirent3</strong></span> <span class='ocrx_word' id='word_1_93' title='bbox 1036 1885 1108 1931; x_wconf 90' lang='lat' dir='ltr'><strong>non</strong></span> <span class='ocrx_word' id='word_1_94' title='bbox 1123 1887 1196 1956; x_wconf 89' lang='lat' dir='ltr'><strong>po-</strong></span> 
     </span>
     <span class='ocr_line' id='line_1_14' title="bbox 142 1977 1197 2068; baseline -0.007 -17"><span class='ocrx_word' id='word_1_95' title='bbox 142 1981 208 2052; x_wconf 91' lang='lat' dir='ltr'><strong>tuit</strong></span> <span class='ocrx_word' id='word_1_96' title='bbox 228 2006 298 2048; x_wconf 91' lang='lat' dir='ltr'><strong>non</strong></span> <span class='ocrx_word' id='word_1_97' title='bbox 319 1978 419 2056; x_wconf 84' lang='lat' dir='ltr'><strong>fieri.</strong></span> <span class='ocrx_word' id='word_1_98' title='bbox 451 1993 491 2044; x_wconf 90' lang='lat' dir='ltr'><strong>ut</strong></span> <span class='ocrx_word' id='word_1_99' title='bbox 512 1977 653 2044; x_wconf 87' lang='lat' dir='ltr'><strong>Paulum</strong></span> <span class='ocrx_word' id='word_1_100' title='bbox 678 1979 853 2068; x_wconf 84' lang='lat' dir='ltr'><strong>suspicere</strong></span> <span class='ocrx_word' id='word_1_101' title='bbox 882 1994 917 2044; x_wconf 91' lang='lat' dir='ltr'><strong>ct</strong></span> <span class='ocrx_word' id='word_1_102' title='bbox 938 1977 1110 2046; x_wconf 88' lang='lat' dir='ltr'><strong>honorare</strong></span> <span class='ocrx_word' id='word_1_103' title='bbox 1131 1980 1197 2044; x_wconf 85' lang='lat' dir='ltr'><strong>in-</strong></span> 
     </span>
     <span class='ocr_line' id='line_1_15' title="bbox 144 2091 1198 2190; baseline -0.007 -26"><span class='ocrx_word' id='word_1_104' title='bbox 144 2098 311 2190; x_wconf 87' lang='lat' dir='ltr'><strong>ciperent.</strong></span> <span class='ocrx_word' id='word_1_105' title='bbox 364 2093 452 2160; x_wconf 90' lang='lat' dir='ltr'><strong>Cum</strong></span> <span class='ocrx_word' id='word_1_106' title='bbox 480 2111 587 2182; x_wconf 90' lang='lat' dir='ltr'><strong>porro</strong></span> <span class='ocrx_word' id='word_1_107' title='bbox 605 2091 730 2158; x_wconf 75' lang='lat' dir='ltr'><strong>Iudaei</strong></span> <span class='ocrx_word' id='word_1_108' title='bbox 756 2091 903 2159; x_wconf 86' lang='lat' dir='ltr'><strong>Romani</strong></span> <span class='ocrx_word' id='word_1_109' title='bbox 931 2116 1009 2158; x_wconf 90' lang='lat' dir='ltr'><strong>cum</strong></span> <span class='ocrx_word' id='word_1_110' title='bbox 1028 2091 1198 2160; x_wconf 75' lang='lat' dir='ltr'><strong>Hieroso‘·</strong></span> 
     </span>
     <span class='ocr_line' id='line_1_16' title="bbox 145 2201 1199 2301; baseline -0.004 -24"><span class='ocrx_word' id='word_1_111' title='bbox 145 2209 317 2301; x_wconf 81' lang='lat' dir='ltr'><strong>lymitanis</strong></span> <span class='ocrx_word' id='word_1_112' title='bbox 336 2201 482 2273; x_wconf 87' lang='lat' dir='ltr'><strong>multum</strong></span> <span class='ocrx_word' id='word_1_113' title='bbox 505 2203 702 2272; x_wconf 81' lang='lat' dir='ltr'><strong>commercii</strong></span> <span class='ocrx_word' id='word_1_114' title='bbox 718 2229 784 2294; x_wconf 90' lang='lat' dir='ltr'><strong>per</strong></span> <span class='ocrx_word' id='word_1_115' title='bbox 808 2203 924 2273; x_wconf 88' lang='lat' dir='ltr'><strong>literas</strong></span> <span class='ocrx_word' id='word_1_116' title='bbox 947 2221 982 2275; x_wconf 89' lang='grc'><strong>01</strong></span> <span class='ocrx_word' id='word_1_117' title='bbox 1003 2205 1144 2272; x_wconf 89' lang='lat' dir='ltr'><strong>nuntios</strong></span> <span class='ocrx_word' id='word_1_118' title='bbox 1162 2218 1199 2273; x_wconf 88' lang='lat' dir='ltr'><strong>et</strong></span> 
     </span>
     <span class='ocr_line' id='line_1_17' title="bbox 144 2307 1199 2414; baseline -0.003 -24"><span class='ocrx_word' id='word_1_119' title='bbox 144 2323 236 2391; x_wconf 84' lang='lat' dir='ltr'><strong>ultro</strong></span> <span class='ocrx_word' id='word_1_120' title='bbox 259 2307 417 2410; x_wconf 85' lang='lat' dir='ltr'><strong>citroque</strong></span> <span class='ocrx_word' id='word_1_121' title='bbox 432 2309 695 2414; x_wconf 75' lang='lat' dir='ltr'><strong>proficiscentes</strong></span> <span class='ocrx_word' id='word_1_122' title='bbox 708 2318 892 2408; x_wconf 83' lang='lat' dir='ltr'><strong>populares</strong></span> <span class='ocrx_word' id='word_1_123' title='bbox 912 2319 1108 2405; x_wconf 79' lang='lat' dir='ltr'><strong>haberent3</strong></span> <span class='ocrx_word' id='word_1_124' title='bbox 1131 2318 1199 2387; x_wconf 85' lang='lat' dir='ltr'><strong>hec</strong></span> 
     </span>
     <span class='ocr_line' id='line_1_18' title="bbox 145 2429 1195 2521; baseline -0.008 -15"><span class='ocrx_word' id='word_1_125' title='bbox 145 2439 322 2506; x_wconf 87' lang='lat' dir='ltr'><strong>occasione</strong></span> <span class='ocrx_word' id='word_1_126' title='bbox 343 2433 509 2503; x_wconf 81' lang='lat' dir='ltr'><strong>benevole</strong></span> <span class='ocrx_word' id='word_1_127' title='bbox 534 2433 578 2500; x_wconf 88' lang='lat' dir='ltr'><strong>de</strong></span> <span class='ocrx_word' id='word_1_128' title='bbox 599 2429 754 2520; x_wconf 85' lang='lat' dir='ltr'><strong>apostolo</strong></span> <span class='ocrx_word' id='word_1_129' title='bbox 771 2431 935 2499; x_wconf 84' lang='lat' dir='ltr'><strong>Hebraeis</strong></span> <span class='ocrx_word' id='word_1_130' title='bbox 958 2433 1195 2521; x_wconf 87' lang='lat' dir='ltr'><strong>scripserunt,</strong></span> 
     </span>
    </p>
   </div>
   <div class='ocr_carea' id='block_1_3' title="bbox 144 2543 1303 2636">
    <p class='ocr_par' dir='ltr' id='par_1_3' title="bbox 144 2543 1303 2636">
     <span class='ocr_line' id='line_1_19' title="bbox 144 2543 1303 2636; baseline -0.004 -17"><span class='ocrx_word' id='word_1_131' title='bbox 144 2569 179 2619; x_wconf 89' lang='grc'><strong>01</strong></span> <span class='ocrx_word' id='word_1_132' title='bbox 199 2552 274 2619; x_wconf 88' lang='lat' dir='ltr'><strong>vice</strong></span> <span class='ocrx_word' id='word_1_133' title='bbox 304 2569 402 2617; x_wconf 79' lang='lat' dir='ltr'><strong>versa</strong></span> <span class='ocrx_word' id='word_1_134' title='bbox 423 2546 529 2611; x_wconf 85' lang='lat' dir='ltr'><strong>etiem</strong></span> <span class='ocrx_word' id='word_1_135' title='bbox 550 2546 593 2611; x_wconf 91' lang='lat' dir='ltr'><strong>ab</strong></span> <span class='ocrx_word' id='word_1_136' title='bbox 617 2543 692 2628; x_wconf 88' lang='lat' dir='ltr'><strong>his,</strong></span> <span class='ocrx_word' id='word_1_137' title='bbox 727 2544 767 2610; x_wconf 91' lang='lat' dir='ltr'><strong>in</strong></span> <span class='ocrx_word' id='word_1_138' title='bbox 791 2543 911 2612; x_wconf 87' lang='lat' dir='ltr'><strong>melius</strong></span> <span class='ocrx_word' id='word_1_139' title='bbox 941 2562 1090 2614; x_wconf 84' lang='lat' dir='ltr'><strong>mutatos</strong></span> <span class='ocrx_word' id='word_1_140' title='bbox 1119 2571 1200 2636; x_wconf 83' lang='lat' dir='ltr'><strong>erga</strong></span> <span class='ocrx_word' id='word_1_141' title='bbox 1301 2609 1303 2614; x_wconf 90' lang='lat'><em>.</em></span> 
     </span>
    </p>
   </div>
   <div class='ocr_carea' id='block_1_4' title="bbox 144 2659 1199 3668">
    <p class='ocr_par' dir='ltr' id='par_1_4' title="bbox 144 2659 1199 3668">
     <span class='ocr_line' id='line_1_20' title="bbox 145 2659 1199 2749; baseline -0.001 -17"><span class='ocrx_word' id='word_1_142' title='bbox 145 2663 289 2733; x_wconf 84' lang='lat' dir='ltr'><strong>Paulum</strong></span> <span class='ocrx_word' id='word_1_143' title='bbox 315 2661 445 2728; x_wconf 86' lang='lat' dir='ltr'><strong>animos</strong></span> <span class='ocrx_word' id='word_1_144' title='bbox 470 2681 541 2727; x_wconf 87' lang='lat' dir='ltr'><strong>esse</strong></span> <span class='ocrx_word' id='word_1_145' title='bbox 562 2677 808 2749; x_wconf 88' lang='lat' dir='ltr'><strong>compererunt</strong></span> <span class='ocrx_word' id='word_1_146' title='bbox 831 2676 866 2728; x_wconf 89' lang='lat' dir='ltr'><strong>et</strong></span> <span class='ocrx_word' id='word_1_147' title='bbox 887 2659 993 2731; x_wconf 88' lang='lat' dir='ltr'><strong>Paulo</strong></span> <span class='ocrx_word' id='word_1_148' title='bbox 1012 2667 1199 2731; x_wconf 86' lang='lat' dir='ltr'><strong>renuntia·</strong></span> 
     </span>
     <span class='ocr_line' id='line_1_21' title="bbox 144 2773 1198 2859; baseline 0.001 -12"><span class='ocrx_word' id='word_1_149' title='bbox 144 2793 283 2847; x_wconf 83' lang='lat' dir='ltr'><strong>verunt.</strong></span> <span class='ocrx_word' id='word_1_150' title='bbox 328 2775 497 2844; x_wconf 85' lang='lat' dir='ltr'><strong>Auctores</strong></span> <span class='ocrx_word' id='word_1_151' title='bbox 517 2773 659 2843; x_wconf 87' lang='lat' dir='ltr'><strong>sortasse</strong></span> <span class='ocrx_word' id='word_1_152' title='bbox 683 2775 787 2840; x_wconf 87' lang='lat' dir='ltr'><strong>etiam</strong></span> <span class='ocrx_word' id='word_1_153' title='bbox 800 2774 906 2843; x_wconf 85' lang='lat' dir='ltr'><strong>Paulo</strong></span> <span class='ocrx_word' id='word_1_154' title='bbox 919 2775 1083 2859; x_wconf 87' lang='lat' dir='ltr'><strong>suerunt,</strong></span> <span class='ocrx_word' id='word_1_155' title='bbox 1101 2793 1142 2846; x_wconf 89' lang='lat' dir='ltr'><strong>ut</strong></span> <span class='ocrx_word' id='word_1_156' title='bbox 1152 2779 1198 2847; x_wconf 90' lang='lat' dir='ltr'><strong>ad</strong></span> 
     </span>
     <span class='ocr_line' id='line_1_22' title="bbox 145 2867 1199 2978; baseline -0.002 -18"><span class='ocrx_word' id='word_1_157' title='bbox 145 2893 319 2960; x_wconf 85' lang='lat' dir='ltr'><strong>Hebraeos</strong></span> <span class='ocrx_word' id='word_1_158' title='bbox 333 2867 533 2974; x_wconf 78' lang='lat' dir='ltr'><strong>scriberet,</strong></span> <span class='ocrx_word' id='word_1_159' title='bbox 555 2890 645 2957; x_wconf 91' lang='lat' dir='ltr'><strong>etin</strong></span> <span class='ocrx_word' id='word_1_160' title='bbox 665 2889 852 2956; x_wconf 85' lang='lat' dir='ltr'><strong>scribendo</strong></span> <span class='ocrx_word' id='word_1_161' title='bbox 877 2889 1082 2978; x_wconf 83' lang='lat' dir='ltr'><strong>argumentis</strong></span> <span class='ocrx_word' id='word_1_162' title='bbox 1098 2893 1199 2975; x_wconf 89' lang='lat' dir='ltr'><strong>ejus·</strong></span> 
     </span>
     <span class='ocr_line' id='line_1_23' title="bbox 145 3002 1196 3094; baseline -0.001 -20"><span class='ocrx_word' id='word_1_163' title='bbox 145 3005 239 3074; x_wconf 90' lang='lat' dir='ltr'><strong>modi</strong></span> <span class='ocrx_word' id='word_1_164' title='bbox 258 3018 431 3088; x_wconf 86' lang='lat' dir='ltr'><strong>uteretur,</strong></span> <span class='ocrx_word' id='word_1_165' title='bbox 452 3011 545 3094; x_wconf 85' lang='lat' dir='ltr'><strong>&#39;quae</strong></span> <span class='ocrx_word' id='word_1_166' title='bbox 569 3003 698 3070; x_wconf 88' lang='lat' dir='ltr'><strong>animos</strong></span> <span class='ocrx_word' id='word_1_167' title='bbox 718 3002 956 3094; x_wconf 84' lang='lat' dir='ltr'><strong>Hebraeorum</strong></span> <span class='ocrx_word' id='word_1_168' title='bbox 985 3027 1057 3075; x_wconf 89' lang='grc'><strong>11011</strong></span> <span class='ocrx_word' id='word_1_169' title='bbox 1081 3005 1196 3074; x_wconf 86' lang='lat' dir='ltr'><strong>offen-</strong></span> 
     </span>
     <span class='ocr_line' id='line_1_24' title="bbox 146 3113 1197 3204; baseline 0.004 -19"><span class='ocrx_word' id='word_1_170' title='bbox 146 3118 290 3201; x_wconf 85' lang='lat' dir='ltr'><strong>derent,</strong></span> <span class='ocrx_word' id='word_1_171' title='bbox 322 3135 379 3182; x_wconf 88' lang='lat' dir='ltr'><strong>eos</strong></span> <span class='ocrx_word' id='word_1_172' title='bbox 405 3113 452 3204; x_wconf 87' lang='lat' dir='ltr'><strong>in</strong></span> <span class='ocrx_word' id='word_1_173' title='bbox 467 3114 665 3183; x_wconf 83' lang='lat' dir='ltr'><strong>confitenda</strong></span> <span class='ocrx_word' id='word_1_174' title='bbox 684 3115 848 3203; x_wconf 84' lang='lat' dir='ltr'><strong>evangelii</strong></span> <span class='ocrx_word' id='word_1_175' title='bbox 874 3119 1032 3186; x_wconf 87' lang='lat' dir='ltr'><strong>doctrina</strong></span> <span class='ocrx_word' id='word_1_176' title='bbox 1061 3121 1197 3189; x_wconf 89' lang='lat' dir='ltr'><strong>confir·</strong></span> 
     </span>
     <span class='ocr_line' id='line_1_25' title="bbox 146 3225 1198 3332; baseline 0.003 -32"><span class='ocrx_word' id='word_1_177' title='bbox 146 3247 346 3314; x_wconf 86' lang='lat' dir='ltr'><strong>marent‚et</strong></span> <span class='ocrx_word' id='word_1_178' title='bbox 363 3228 676 3296; x_wconf 80' lang='lat' dir='ltr'><strong>Iudaeosnondum</strong></span> <span class='ocrx_word' id='word_1_179' title='bbox 695 3227 910 3332; x_wconf 83' lang='lat' dir='ltr'><strong>Cbristianos</strong></span> <span class='ocrx_word' id='word_1_180' title='bbox 928 3233 971 3299; x_wconf 91' lang='lat' dir='ltr'><strong>ad</strong></span> <span class='ocrx_word' id='word_1_181' title='bbox 989 3225 1198 3328; x_wconf 81' lang='lat' dir='ltr'><strong>amplecten-</strong></span> 
     </span>
     <span class='ocr_line' id='line_1_26' title="bbox 148 3343 1199 3442; baseline 0.004 -31"><span class='ocrx_word' id='word_1_182' title='bbox 148 3345 227 3411; x_wconf 84' lang='lat' dir='ltr'><strong>dam</strong></span> <span class='ocrx_word' id='word_1_183' title='bbox 253 3347 422 3432; x_wconf 86' lang='lat' dir='ltr'><strong>majorum</strong></span> <span class='ocrx_word' id='word_1_184' title='bbox 453 3349 569 3417; x_wconf 63' lang='grc' dir='ltr'><strong><em>ἐλπίδα</em></strong></span> <span class='ocrx_word' id='word_1_185' title='bbox 602 3345 639 3411; x_wconf 90' lang='lat' dir='ltr'><strong>in</strong></span> <span class='ocrx_word' id='word_1_186' title='bbox 672 3343 756 3413; x_wconf 84' lang='lat' dir='ltr'><strong>Jesu</strong></span> <span class='ocrx_word' id='word_1_187' title='bbox 789 3344 993 3435; x_wconf 86' lang='lat' dir='ltr'><strong>completam</strong></span> <span class='ocrx_word' id='word_1_188' title='bbox 1016 3349 1199 3442; x_wconf 86' lang='lat' dir='ltr'><strong>proniores</strong></span> 
     </span>
     <span class='ocr_line' id='line_1_27' title="bbox 147 3458 1198 3555; baseline 0.003 -29"><span class='ocrx_word' id='word_1_189' title='bbox 147 3458 346 3528; x_wconf 82' lang='lat' dir='ltr'><strong>redderent.</strong></span> <span class='ocrx_word' id='word_1_190' title='bbox 391 3459 483 3526; x_wconf 91' lang='lat' dir='ltr'><strong>Hinc</strong></span> <span class='ocrx_word' id='word_1_191' title='bbox 507 3476 744 3547; x_wconf 84' lang='lat' dir='ltr'><strong>argumentum</strong></span> <span class='ocrx_word' id='word_1_192' title='bbox 763 3459 926 3548; x_wconf 87' lang='lat' dir='ltr'><strong>epistolae</strong></span> <span class='ocrx_word' id='word_1_193' title='bbox 946 3461 994 3530; x_wconf 80' lang='lat' dir='ltr'><strong>ita</strong></span> <span class='ocrx_word' id='word_1_194' title='bbox 1014 3483 1198 3555; x_wconf 83' lang='lat' dir='ltr'><strong>compare-</strong></span> 
     </span>
     <span class='ocr_line' id='line_1_28' title="bbox 149 3574 1198 3668; baseline 0.005 -27"><span class='ocrx_word' id='word_1_195' title='bbox 149 3593 220 3642; x_wconf 91' lang='lat' dir='ltr'><strong>tum</strong></span> <span class='ocrx_word' id='word_1_196' title='bbox 245 3591 313 3657; x_wconf 90' lang='lat' dir='ltr'><strong>est,</strong></span> <span class='ocrx_word' id='word_1_197' title='bbox 337 3590 376 3642; x_wconf 87' lang='lat' dir='ltr'><strong>ut</strong></span> <span class='ocrx_word' id='word_1_198' title='bbox 401 3598 439 3642; x_wconf 88' lang='lat' dir='ltr'><strong>ea</strong></span> <span class='ocrx_word' id='word_1_199' title='bbox 459 3574 594 3660; x_wconf 87' lang='lat' dir='ltr'><strong>absint,</strong></span> <span class='ocrx_word' id='word_1_200' title='bbox 618 3599 705 3666; x_wconf 88' lang='lat' dir='ltr'><strong>quae</strong></span> <span class='ocrx_word' id='word_1_201' title='bbox 727 3576 940 3668; x_wconf 88' lang='lat' dir='ltr'><strong>consopitam</strong></span> <span class='ocrx_word' id='word_1_202' title='bbox 962 3577 1198 3646; x_wconf 86' lang='lat' dir='ltr'><strong>Hebraeorum</strong></span> 
     </span>
    </p>
   </div>
   <div class='ocr_carea' id='block_1_5' title="bbox 156 3775 348 3796">
    <p class='ocr_par' dir='ltr' id='par_1_5' title="bbox 156 3775 348 3796">
     <span class='ocr_line' id='line_1_29' title="bbox 156 3775 348 3796; baseline 0 -4"><span class='ocrx_word' id='word_1_203' title='bbox 156 3775 348 3796; x_wconf 52' lang='lat' dir='ltr'><strong>m</strong></span> 
     </span>
    </p>
   </div>
   <div class='ocr_carea' id='block_1_6' title="bbox 181 3870 1200 3996">
    <p class='ocr_par' dir='ltr' id='par_1_6' title="bbox 181 3870 1200 3996">
     <span class='ocr_line' id='line_1_30' title="bbox 181 3870 1200 3996; baseline 0.001 -26"><span class='ocrx_word' id='word_1_204' title='bbox 181 3915 245 3984; x_wconf 83' lang='lat'><strong>(4)</strong></span> <span class='ocrx_word' id='word_1_205' title='bbox 263 3870 364 3974; x_wconf 75' lang='lat' dir='ltr'><strong>beuit</strong></span> <span class='ocrx_word' id='word_1_206' title='bbox 380 3919 458 3972; x_wconf 80' lang='lat' dir='ltr'><strong>etiam</strong></span> <span class='ocrx_word' id='word_1_207' title='bbox 476 3919 569 3975; x_wconf 84' lang='lat' dir='ltr'><strong>Paulus</strong></span> <span class='ocrx_word' id='word_1_208' title='bbox 587 3921 684 3976; x_wconf 82' lang='grc'><strong>1101110</strong></span> <span class='ocrx_word' id='word_1_209' title='bbox 695 3933 852 3994; x_wconf 67' lang='grc' dir='ltr'><strong>συγγενεῖς,</strong></span> <span class='ocrx_word' id='word_1_210' title='bbox 866 3932 1017 3996; x_wconf 77' lang='lat' dir='ltr'><strong>cognatos,</strong></span> <span class='ocrx_word' id='word_1_211' title='bbox 1034 3920 1110 3976; x_wconf 84' lang='lat' dir='ltr'><strong>Rom.</strong></span> <span class='ocrx_word' id='word_1_212' title='bbox 1121 3918 1200 3990; x_wconf 82' lang='lat' dir='ltr'>XVI,</span> 
     </span>
    </p>
   </div>
   <div class='ocr_carea' id='block_1_7' title="bbox 128 4005 1200 4155">
    <p class='ocr_par' dir='ltr' id='par_1_7' title="bbox 128 4005 1200 4155">
     <span class='ocr_line' id='line_1_31' title="bbox 128 4005 1200 4085; baseline 0.003 -28"><span class='ocrx_word' id='word_1_213' title='bbox 128 4008 130 4014; x_wconf 84' lang='lat'>&#39;</span> <span class='ocrx_word' id='word_1_214' title='bbox 149 4017 179 4069; x_wconf 80' lang='lat'><strong>7.</strong></span> <span class='ocrx_word' id='word_1_215' title='bbox 200 4021 238 4060; x_wconf 92' lang='grc'><strong>11.</strong></span> <span class='ocrx_word' id='word_1_216' title='bbox 268 4005 346 4074; x_wconf 74' lang='lat' dir='ltr'><strong>(cfr.</strong></span> <span class='ocrx_word' id='word_1_217' title='bbox 365 4008 561 4064; x_wconf 82' lang='lat' dir='ltr'><strong>Bertholdt</strong></span> <span class='ocrx_word' id='word_1_218' title='bbox 577 4013 762 4085; x_wconf 79' lang='lat' dir='ltr'><strong>Einleitung,</strong></span> <span class='ocrx_word' id='word_1_219' title='bbox 781 4013 812 4071; x_wconf 85' lang='lat' dir='ltr'><strong>T.</strong></span> <span class='ocrx_word' id='word_1_220' title='bbox 822 4011 876 4078; x_wconf 81' lang='lat' dir='ltr'><strong>Vl,</strong></span> <span class='ocrx_word' id='word_1_221' title='bbox 894 4007 999 4080; x_wconf 77' lang='lat'><strong>5282),</strong></span> <span class='ocrx_word' id='word_1_222' title='bbox 1018 4007 1062 4078; x_wconf 87' lang='lat' dir='ltr'><strong>qui</strong></span> <span class='ocrx_word' id='word_1_223' title='bbox 1078 4005 1200 4062; x_wconf 79' lang='lat' dir='ltr'><strong>benevolo</strong></span> 
     </span>
     <span class='ocr_line' id='line_1_32' title="bbox 152 4097 503 4155; baseline 0.023 -11"><span class='ocrx_word' id='word_1_224' title='bbox 152 4103 212 4155; x_wconf 73' lang='lat' dir='ltr'><strong>erge</strong></span> <span class='ocrx_word' id='word_1_225' title='bbox 229 4106 288 4146; x_wconf 85' lang='grc'><strong>011111</strong></span> <span class='ocrx_word' id='word_1_226' title='bbox 306 4105 392 4148; x_wconf 78' lang='lat' dir='ltr'><strong>cuent</strong></span> <span class='ocrx_word' id='word_1_227' title='bbox 409 4097 503 4154; x_wconf 77' lang='lat' dir='ltr'><strong>animo.</strong></span> 
     </span>
    </p>
   </div>
   <div class='ocr_carea' id='block_1_8' title="bbox 0 0 1428 4784">
    <p class='ocr_par' dir='ltr' id='par_1_8' title="bbox 0 0 1428 4784">
     <span class='ocr_line' id='line_1_33' title="bbox 0 0 1428 4784; baseline 0 0"><span class='ocrx_word' id='word_1_228' title='bbox 0 0 1428 4784; x_wconf 95' lang='lat' dir='ltr'><strong> </strong></span> 
     </span>
    </p>
   </div>
  </div>
 </body>
</html>
