2810 4784
640 367 819 456 (²24)

202 558 288 630 lnam
320 555 434 624 dsouo
461 550 633 622 concitare
670 565 823 640 possent.
882 548 1024 620 Tribttit
1047 551 1085 620 in
1116 576 1156 622 ea
1184 572 1290 622 non

114 669 116 678 ’
204 695 329 766 parum
349 669 453 764 pretii
480 667 604 736 ritibus
631 678 668 734 et
696 660 874 732 sacrificiis
899 663 936 732 in
965 666 1093 756 templo
1121 663 1285 734 Hiero-

209 787 411 878 solymitano
429 782 546 873 peragi
562 777 691 862 salitis,
717 777 820 845 docet
837 799 941 861 vero,
965 780 1080 847 omnia
1100 782 1166 848 ista
1191 781 1254 846 iis
1267 829 1285 864 ,

209 923 297 993 quaa
317 899 355 964 in
375 896 538 983 religione
554 891 748 960 Christiana
767 891 867 957 nobis
879 891 1130 974 exhibeantur,
1151 893 1278 962 mul-

205 1032 279 1082 tum
292 1011 470 1102 superari,
493 1007 694 1096 religionem
709 1003 940 1072 Christianam
953 1030 1024 1074 esse
1037 1009 1134 1100 quasi
1149 1031 1274 1076 com-

203 1129 416 1225 plementum
429 1123 600 1210 religionis
622 1119 814 1204 Massiuae,
839 1118 999 1188 inlibris
1021 1124 1065 1193 V.
1085 1123 1129 1187 T.
1156 1145 1276 1212 pro.

208 1242 355 1336 pheticis
381 1236 496 1308 multis
524 1251 602 1300 ante
633 1231 773 1303 saeculis
803 1232 1029 1322 promissum,
1064 1249 1101 1302 et
1127 1258 1276 1304 novam

207 1353 457 1433 oeconomiam,
479 1347 590 1442 quoad
611 1363 784 1415 auctorem
805 1364 841 1412 et
862 1348 1046 1417 efficaciam
1068 1348 1105 1416 in
1128 1350 1275 1418 animis

205 1468 385 1535 hominum
400 1460 622 1533 emendandis
634 1480 669 1528 et
682 1457 897 1529 consolandis
910 1475 944 1526 et
960 1457 1121 1546 salutem,
1143 1487 1268 1554 quam

206 1583 305 1650 nobis
325 1578 523 1671 impertiat,
556 1576 707 1646 Mosaios
734 1575 932 1646 oeconomia
960 1572 1060 1663 longa
1086 1578 1264 1668 superio·

201 1721 276 1765 rem
294 1717 377 1763 esse.

249 1813 412 1896 Caetera,
436 1830 523 1900 quae
544 1819 737 1900 suspectam
752 1803 929 1874 Paulinam
949 1803 1115 1894 epistolae
1137 1809 1250 1896 origi-

206 1947 286 1994 nem
299 1919 447 1990 reddere
465 1938 630 2013 possunt,
652 1919 778 1988 leviora
792 1937 895 2006 sunt,
915 1935 951 1987 et
966 1920 1037 2007 jam
1053 1919 1154 1990 initio
1172 1922 1241 1988 lan-

204 2043 260 2128 jus
281 2037 363 2105 libri
384 2031 573 2120 dijudicata
597 2038 671 2120 (5).

245 2153 286 2218 B.
317 2150 373 2227 Si,
396 2169 484 2239 qnae
507 2145 551 2211 de
574 2147 706 2232 origine
727 2145 870 2213 Paulina
896 2147 1058 2240 epistolae
1083 2149 1236 2240 exposuit,
1340 2168 1343 2172 ·

202 2262 431 2344 admittimus,
457 2262 517 2328 lux
533 2260 667 2326 clarior
686 2261 809 2328 multis
829 2261 938 2345 locis,
962 2287 1055 2353 quae
1073 2264 1167 2332 alios
1186 2263 1247 2330 ob-

202 2381 380 2449 scuritate
401 2375 560 2466 quadam
578 2373 765 2458 laborant,
786 2375 1007 2464 affunditur.

212 2484 216 2495 ’
244 2520 275 2564 ι.
310 2493 387 2560 Huc
407 2489 560 2579 partinet
579 2489 677 2555 loom
704 2487 821 2558 Habr-
844 2489 948 2575 XIII,
973 2491 1034 2576 18,
1058 2513 1117 2580 ¹9²
1148 2501 1249 2576 ΠΜ.

201 2609 333 2694 εὔχεσθε
352 2603 420 2688 περὶ
439 2607 548 2688 ἡμῶν·
570 2606 763 2688 πεποίθαμεν
780 2607 864 2691 γὰρ,
886 2603 933 2675 ὅτε
954 2607 1054 2684 aazia
1075 2605 1251 2682 συνείδησιν

197 2726 336 2810 ἔχομεν,
366 2722 397 2790 ἒν
415 2723 495 2788 πᾶσι
515 2725 618 2792 καλῶς
641 2719 776 2796 θέλοντες
793 2721 1051 2806 ἀναστρέφεσθαι.
1096 2729 1249 2803 Περνσσσ·

198 2842 293 2924 σὲρσς
313 2837 347 2904 δὲ
369 2839 542 2916 παρακαλῶ
564 2837 654 2899 τοῦτο
674 2841 822 2914 ποιῆσαν,
853 2831 904 2902 ἵνα
926 2835 1040 2918 τάχιον
1065 2835 1137 2916 ὑμῖν
1154 2835 1249 2902 aias·

198 2948 397 3022 κνσσσσσθῶ.
442 2941 574 3008 Auctor
591 2943 823 3030 maximopere
839 2941 1107 3011 Palaestinenses
1129 2945 1247 3010 Chri·

194 3067 322 3132 stianos
339 3057 561 3138 adhortatur,
583 3072 622 3123 ut
636 3077 755 3146 preses
773 3079 838 3146 pro
851 3081 887 3124 se
907 3054 951 3122 ad
971 3057 1248 3142 Deumfaoiant,

195 3196 234 3245 ut
256 3173 354 3245 eitius
375 3196 393 3239 e
412 3165 556 3238 vinculis
574 3169 765 3256 liberetur,
787 3171 900 3262 iisque
915 3171 1125 3237 restituatur.
1155 3170 1243 3238 Ad-

197 3293 251 3362 dit
272 3312 426 3372 causam,
449 3309 511 3354 our
529 3283 597 3351 hoo
619 3282 731 3352 sanare
753 3282 922 3352 debeant:
961 3283 1153 3362 Immeritus
1169 3308 1241 3380 pa·

190 3485 392 3514 m

235 3613 293 3686 (5)
318 3608 392 3664 Addo
409 3607 451 3661 his
468 3607 702 3663 denominationem
719 3607 782 3662 Jeeu
801 3625 861 3664 roca
881 3605 1031 3668 declaratae
1046 3607 1107 3678 111,
1126 3629 1162 3675 r,
1188 3627 1244 3680 qna

198 3702 294 3756 Paulus
314 3699 342 3751 in
359 3693 477 3766 epistolis
491 3697 601 3748 caeteris
616 3714 667 3750 non
682 3713 742 3749 nsua
755 3708 803 3754 eat.
836 3695 886 3749 Sed
901 3696 993 3766 quidni
1009 3697 1047 3750 ita
1062 3698 1245 3752 nominasse-

198 3784 255 3841 s'um
280 3787 342 3835 aas·
359 3785 471 3850 ἐξοχὴν,
488 3783 534 3852 qui
550 3783 627 3837 toties
644 3801 672 3837 ae
686 3783 878 3836 ἀσσσσαλέντα
893 3785 969 3853 παρὰ
983 3785 1033 3834 τσῦ
1048 3785 1153 3853 πατρὸς
1165 3783 1247 3840 dire·

199 3877 263 3928 rat?
299 3869 369 3923 stibi
390 3868 469 3920 etiam
492 3867 674 3924 sentu'lttiari
692 3870 837 3942 apostolus
854 3884 869 3922 a
886 3867 967 3924 Prata
988 3881 1146 3940 usurpatur,
1172 3890 1197 3926 a·
1214 3891 1241 3942 g.

203 3956 315 4030 Philipp.
334 3953 378 4023 ll,
395 3957 439 4012 25·
