2858 4784
660 331 966 444 tot),

278 531 355 614 lain
376 527 405 606 ai
426 551 591 628 ponamus
609 527 647 594 in
665 527 740 620 ipae
759 523 837 612 aula
851 521 1020 602 Caesaris..
1044 531 1148 612 qoam
1173 502 1283 592 to'tittss

236 661 340 734 officii
363 644 581 722 cautaadire
601 639 731 718 solebat
753 641 907 718 Seneca,
935 636 1075 704 Paulum
1094 659 1191 702 cnam
1209 636 1275 704 di-

235 779 323 846 iiase
345 787 496 841 cauum,
521 757 677 846 judicum
696 769 731 820 et
750 750 943 828 auditorum
967 749 1096 818 animos
1117 748 1275 818 admira.

236 893 331 960 tione
349 883 401 951 sui
416 875 628 968 implevisse,
650 867 754 936 immo
770 864 953 933 nonnullos
971 869 1002 934 tr
1020 866 1101 953 alala
1120 860 1279 932 Caesaris

235 1019 427 1096 propensos
441 991 484 1062 ad
497 985 661 1074 evangelii
675 979 868 1050 doctrinam
883 977 1098 1046 reddidiatec
1120 999 1197 1068 non*
1211 974 1283 1044 mia

236 1143 315 1188 num
340 1107 538 1188 videbitur,
575 1098 669 1192 qnod
697 1098 827 1164 Seneca
854 1093 957 1180 bojua
984 1093 1049 1160 'viri
1077 1089 1219 1158 videndi
1240 1099 1284 1156 et

238 1222 467 1317 cognoscendi
496 1215 642 1311 cupidus
663 1235 744 1282 eum
767 1208 911 1286 adierit,
933 1221 970 1277 ct
999 1229 1078 1276 eum
1100 1227 1140 1273 eo
1162 1201 1280 1270 collo.

238 1365 369 1438 quent,
389 1353 425 1404 et
438 1331 567 1420 ingenii
581 1326 794 1400 alacritatem
812 1321 985 1414 animique
1007 1318 1189 1388 candorem
1206 1307 1279 1384 ati·

237 1459 389 1538 mirans,
413 1444 695 1517 consuetudinem
710 1435 883 1530 quendam
898 1457 977 1502 com
994 1455 1035 1502 eo
1048 1433 1281 1515 contraxerit,

235 1569 439 1669 praesertim
452 1580 565 1644 ratus,
580 1556 796 1630 occasionem
810 1547 983 1636 religionis
997 1543 1178 1630 Iudaicae,
1191 1543 1283 1614 mul·

177 1751 179 1756 .
239 1705 311 1754 tum
331 1676 540 1750 celebritatis
562 1674 656 1740 inter
677 1661 804 1736 Romae
824 1661 953 1731 incolae
975 1677 1118 1744 nactae,
1139 1681 1279 1726 accura-

240 1804 306 1867 tiua
324 1823 387 1890 per
407 1795 585 1866 doctorem
602 1769 786 1852 iudaicam
809 1797 827 1846 e·
847 1776 986 1866 iudaeis
1007 1789 1199 1846 accusatum
1222 1795 1280 1843 co·

238 1909 454 2002 gnoscendao
471 1923 688 1992 nequaquam
705 1889 1045 1985 praetermittendam
1062 1905 1145 1971 eane·

287 2030 328 2092 C.
360 2027 475 2110 Atque
500 2014 659 2107 profecto
686 2009 815 2096 religio
835 2007 995 2074 Iudaica
1008 2006 1091 2093 jam
1110 2008 1276 2089 magnaei

238 2146 382 2213 'Romae
396 2132 640 2202 celebritatem
654 2139 733 2192 tum
750 2121 924 2207 temporie
937 2131 1046 2186 nacta
1059 2128 1152 2186 erata
1180 2113 1283 2186 Multi

242 2254 388 2329 iudaei,
414 2243 608 2333 aPcmpejo
624 2237 751 2327 captivi
762 2236 902 2299 Romam
922 2230 1065 2298 deducti
1079 2247 1114 2296 at
1124 2229 1285 2306 libertate

243 2367 383 2447 donati,
401 2367 493 2432 vicoa
518 2349 703 2434 nonnullos
721 2349 817 2416 urbia
831 2344 1032 2412 incolebant
1046 2361 1081 2410 et
1094 2343 1287 2410 secundum

242 2487 353 2574 legem
371 2481 559 2548 Mosa't'cam
582 2469 724 2536 sabbata
749 2479 785 2532 et
812 2477 1001 2530 conventus
1020 2479 1133 2526 sacros
1151 2456 1189 2522 in
1207 2455 1289 2546 pln-

243 2604 341 2672 ribus
362 2591 537 2686 synagogis
558 2604 593 2652 et
612 2579 814 2673 proseuchis
835 2573 1070 2644 celebrabant.

285 2711 390 2780 Multi
409 2706 506 2774 urbis
518 2699 650 2768 incolae
669 2693 861 2784 multaeque
877 2687 1022 2757 feminae
1034 2737 1045 2764 ,
1057 2671 1109 2750 vel
1121 2691 1286 2758 notarunt

245 2843 364 2900 terum
383 2819 522 2900 studio,
551 2815 606 2880 vel
635 2806 800 2899 cupidine
826 2803 1019 2890 religionis,
1056 2822 1141 2890 quae
1169 2797 1286 2887 ploret

245 2945 337 3010 Deos
350 2955 384 3003 et
396 2925 546 3000 Deorunl
564 2922 746 2992 simulacra
763 2917 921 2999 tolleret,
944 2911 1198 3002 cognoscendae
1218 2909 1285 2977 lla-⁶

247 3069 410 3144 grantes,
430 3061 612 3137 synagogae
629 3035 839 3104 iudaeorum
865 3030 959 3124 lestis
982 3029 1103 3098 diebus
1116 3026 1289 3113 ,frequen-

244 3171 376 3237 tabant·

294 3285 409 3370 Atque
429 3263 488 3342 bic
512 3291 582 3339 mos
603 3281 784 3358 synagogas
806 3251 1014 3328 ludaeorum
1041 3247 1290 3342 frequentandi

250 3403 386 3464 tantam
407 3389 616 3460 invaluerat,
648 3395 686 3441 ut
713 3367 858 3442 Romani
879 3373 1118 3461 Romanaeque
1147 3360 1292 3428 sabbato

252 3528 392 3599 qnoque
416 3525 451 3566 se
480 3502 626 3565 invicem
656 3485 799 3558 videndi
820 3503 856 3550 et
880 3481 1049 3548 salutandi
1078 3476 1293 3543 occasionem

252 3619 338 3686 inde
364 3611 572 3699 arriperent.
629 3609 705 3672 Jatn
736 3595 927 3664 Ovidius
951 3596 994 3660 de
1015 3596 1113 3662 Arte
1143 3587 1294 3655 amanda·

248 3733 313 3799 lib.
329 3731 367 3799 Ι,
390 3728 434 3812 76
461 3741 641 3811 synagogas
671 3712 879 3780 tudaearum
905 3723 1077 3798 tamquam
1106 3710 1198 3776 100ος
1225 3703 1292 3771 de,-

252 3840 394 3920 scribit,
425 3838 463 3902 in
488 3855 573 3922 quoa
594 3830 738 3920 septimo
760 3841 896 3914 qnoque
916 3820 972 3886 die
991 3820 1087 3898 multi
1109 3837 1143 3886 et
1168 3817 1296 3884 multae

253 3966 450 4048 spectatum
469 3947 632 4027 veniant,
655 3952 855 4028 spectentur
869 3949 907 3996 ut
927 3933 993 4022 ipsi
1014 3951 1049 4000 et
1066 3937 1172 4024 ipsae.
1213 3930 1299 4004 Suq.

260 4070 321 4135 det
340 4061 483 4133 lascivae
506 4056 699 4142 iuventuti,
724 4067 764 4118 ut
786 4048 983 4135 sreqttentct
