2858 4784
693 393 708 480 (
751 395 812 463 ¹⁴⁰
844 399 868 482 i

258 577 370 667 capite
381 575 668 644 exeuntcesecuic
681 578 781 644 tertio
794 574 844 646 vel
861 580 995 647 racemo
1010 577 1149 652 demum
1165 601 1297 678 quarto

256 691 507 759 consarcinatae
529 690 611 758 sint·

297 827 330 873 n.
351 805 430 873 Non
451 818 563 872 tamen
577 825 734 892 prorsus
758 808 982 894 spernendae
1004 828 1087 881 snut
1112 815 1295 905 epistolae,

252 917 417 1007 Quamvis
440 917 532 985 enim
550 940 620 1022 non
645 943 684 986 ea
712 935 840 1004 aetate,
865 943 967 1015 quarn
989 947 1073 1019 prae
1094 947 1129 994 se
1151 929 1295 1006 ierunt,

251 1031 400 1118 scriptae
424 1032 515 1114 sinte
547 1033 641 1119 origo
664 1049 778 1100 tamen
799 1059 916 1104 earum
944 1040 987 1105 ad
1020 1038 1151 1108 saecula
1170 1041 1293 1127 priora

249 1142 459 1240 reipublicae
477 1143 689 1213 Christianae
712 1144 894 1214 reserenda
916 1165 987 1232 est,
1001 1169 1036 1218 et
1055 1168 1294 1240 argumentum

249 1271 369 1324 earum
394 1257 510 1322 testari
533 1271 666 1345 potest,
700 1255 785 1347 qnid
809 1257 998 1329 Christiani
1031 1279 1103 1330 tum
1129 1264 1295 1355 temporis

249 1365 295 1434 de
319 1366 526 1458 quibusdam
550 1371 654 1436 rebus
683 1369 726 1437 ad
749 1371 924 1447 historiam
948 1378 1141 1468 primitivae
1170 1375 1290 1443 eccie-

248 1483 315 1556 siae
331 1477 585 1566 pertinentibus
605 1478 834 1565 judicaverint
857 1505 892 1557 et
909 1513 976 1583 pro
994 1513 1074 1560 vero
1094 1488 1292 1560 habuerint·

248 1595 292 1660 ln
310 1593 423 1682 Epist.
439 1613 493 1660 aa.
517 1590 667 1682 exempli
685 1597 792 1678 gratia
817 1600 946 1669 Seneca
965 1603 1070 1670 Paulo
1090 1601 1136 1670 de
1159 1605 1288 1669 incen-

249 1706 309 1775 dio
331 1708 426 1774 urbis
448 1707 574 1774 Roman
594 1729 685 1774 anno
704 1712 760 1778 64.
781 1727 861 1802 post
881 1713 923 1780 C.
944 1717 989 1784 N.
1007 1733 1043 1783 et
1057 1713 1101 1780 de
1115 1712 1289 1780 Christia-

247 1821 328 1903 nis,
350 1817 447 1908 quasi
470 1814 764 1886 machinatoribus
787 1821 943 1890 incendii
963 1823 1134 1916 supplicio
1162 1824 1291 1893 affectis

247 1928 382 1999 scribit.
427 1929 519 2013 Ergo
538 1927 662 1994 Paulos
681 1947 758 2017 post
777 1930 864 2000 iilud
883 1933 1086 2004 incendium
1106 1935 1219 2004 adhue
1240 1936 1291 2004 vi·

245 2046 298 2112 xit
327 2059 362 2110 et
390 2042 518 2108 Romae
548 2039 616 2108 fuit
644 2043 729 2136 (8).Ι
764 2044 856 2133 Ergo
878 2063 1031 2139 tempus,
1056 2069 1128 2135 quo
1164 2045 1289 2113 Paulus

246 2157 374 2223 Romae
408 2173 633 2225 commoratus
677 2173 758 2239 est,
794 2157 939 2226 multum
981 2157 1075 2227 istud
1103 2159 1287 2226 biennium

246 2270 329 2336 Act.
347 2267 521 2353 XXVIII,
544 2273 598 2340 30·
629 2268 778 2340 excedit.
824 2272 898 2342 Hoc
924 2274 1082 2366 seqnitur
1106 2271 1209 2338 etiam
1242 2291 1289 2345 ex

244 2409 307 2470 eo,
328 2383 425 2476 qnod
446 2385 484 2452 iu
504 2384 556 2452 his
585 2385 739 2478 epistolis
757 2402 902 2478 quatuor
924 2386 1137 2455 diversorum
1162 2407 1289 2452 consu·

243 2500 377 2569 intutam
402 2499 465 2566 fiat
484 2498 625 2566 mentio.
668 2496 727 2566 Sic
746 2495 867 2568 saltem
893 2498 1080 2566 Christiani
1106 2512 1180 2565 tum
1199 2512 1287 2564 tem·

243 2614 440 2704 poris,qno
455 2611 538 2678 istae
556 2608 676 2678 literne
693 2610 902 2700 compositae
921 2625 1022 2694 sont,
1041 2608 1086 2676 de
1106 2623 1281 2698 tempore,

244 2727 315 2814 huo
338 2723 460 2792 Paulus
484 2725 610 2791 Romae
630 2722 784 2815 captivus
807 2722 946 2802 mansit,
968 2720 1180 2810 judicarunt.
1216 2720 1281 2789 At·

245 2863 313 2929 que
339 2837 406 2904 hoc
433 2833 646 2926 antiquitatis
666 2834 914 2909 ecclesiasticae
945 2832 1197 2924 praejudicinm
1216 2855 1279 2901 ue⁴

244 2973 418 3041 quaquam
436 2944 717 3038 postponendum
739 2961 813 3028 est,
832 2963 870 3016 et
890 2947 1045 3038 opinioni
1061 2968 1203 3032 eorum,
1222 2944 1283 3036 qni

243 3061 385 3129 aiteram
404 3057 501 3128 Pauli
519 3057 752 3146 captivitatem
768 3075 911 3146 negant,
933 3082 1005 3127 non
1020 3080 1145 3151 parum
1168 3055 1278 3126 velifi-

233 3185 352 3242 catur.

286 3292 471 3358 Testantur
507 3282 664 3376 inprimis
702 3282 780 3355 iliae
810 3281 971 3374 epistolae
1003 3281 1064 3363 id,
1094 3282 1190 3374 qnod
1234 3283 1280 3352 ad

243 3427 353 3470 meam
378 3427 450 3471 rem
479 3405 651 3490 pertinet,
673 3399 767 3466 inter
794 3395 1005 3466 Christianos
1035 3394 1190 3484 priorum
1212 3421 1285 3464 sae·

242 3511 398 3582 calorum
414 3513 611 3605 opinionem
627 3513 669 3581 de
689 3512 936 3581 consuetudine
956 3510 1071 3601 aliqua
1086 3515 1179 3582 inter
1190 3515 1278 3581 Pan-

240 3633 312 3699 ium
328 3615 363 3696 et
382 3628 546 3694 Senecam
565 3627 821 3716 percrebuisse,
842 3624 946 3697 immo
968 3623 1093 3694 tamam
1117 3623 1162 3694 de
1180 3627 1274 3695 comss
1349 3667 1352 3676 -

237 3804 455 3824 m

275 3913 335 3982 (s)
351 3910 409 3964 aaa
426 3908 522 3964 anem
536 3912 639 3982 quidm
656 3915 684 3970 ta
701 3913 760 3968 aaa
776 3909 900 3982 tanain
916 3909 1029 3978 staua.
1052 3910 1149 3964 nanas
1163 3886 1274 3974 sarpa·

240 4013 312 4064 esse;
334 4015 415 4066 neque
433 4015 492 4050 asro
509 4000 577 4054 ullus
593 4003 660 4057 alins
676 4004 746 4057 locas
763 3999 921 4053 nominatur.
955 4002 1136 4066 Argarmcntnna
1154 4007 1217 4046 vcro
1233 4003 1279 4046 to·

238 4097 292 4139 tum
310 4085 348 4136 ita
365 4096 541 4156 conparatum
558 4101 612 4163 est,
628 4101 659 4146 ut
674 4093 770 4146 Romae
787 4086 900 4156 scriptas
915 4101 970 4141 esse
987 4084 1029 4157 pel
1042 4085 1069 4136 in
1079 4079 1189 4134 confinio
1205 4077 1278 4134 urhis

235 4170 388 4238 cogitantur.
