2810 4784
535 349 720 446 (aa)

95 553 211 631 dem,
247 519 309 614 sed
346 539 577 610 nullomodo
615 543 727 608 Isueae
764 537 1012 608 accommodate
1046 561 1138 612 sunt.

92 635 98 640 .
135 637 181 732 τὂ.
200 662 321 752 Neque
339 677 408 724 tam
425 655 637 718 aret-iscam
652 651 1142 756 ChiistianisPalaestinen·
1249 715 1253 724 .

93 775 207 843 ‘sibus
228 771 416 838 amicitiae
434 763 591 832 vinculis
606 788 718 831 nexus
737 766 973 849 emiliam,
988 786 1025 834 ut
1043 769 1144 834 diee-

100 909 146 954 re
166 899 300 974 possets
336 909 354 952 «
374 879 571 962 precamini·
581 900 646 965 pro
669 903 745 962 me,
768 893 806 942 ut
825 878 920 946 vobis
943 882 1145 948 restituar.''

99 995 236 1076 Multi,
259 1010 419 1082 utsupra
447 993 583 1073 monui,
605 1004 750 1078 putent,
773 1013 816 1054 ne
837 989 980 1057 Paulum
1000 994 1144 1082 quidem

103 1108 158 1173 ita
190 1105 341 1171 scribere
365 1103 514 1191 potuisse
542 1101 584 1168 ad
616 1103 828 1167 Christianos
854 1101 1142 1192 Palaestineuses3

104 1233 238 1309 quanto
264 1216 377 1282 minus
405 1217 537 1296 Lucas,
568 1214 627 1303 qui
651 1212 791 1280 minoris
820 1213 936 1279 adhue
960 1216 1086 1299 gratiae
1114 1235 1148 1282 et

109 1325 339 1408 auctoritatis,
361 1324 493 1417 quippe
505 1323 694 1413 discipulus
712 1340 746 1391 et
765 1325 889 1391 assecla
911 1326 1030 1406 Pauli,
1054 1329 1146 1420 apud

108 1461 168 1506 eos
186 1437 272 1521 fuit,
293 1437 341 1503 ita
356 1436 509 1502 scribere
524 1435 659 1524 potuit!
697 1435 889 1503 Provocaut
906 1436 1047 1524 quidem
1063 1463 1148 1508 non·

107 1546 198 1615 nulli
218 1543 262 1613 ad
286 1546 399 1615 lecum
430 1545 833 1632 ecor.V111‚18·,19,
864 1545 901 1610 in
928 1570 997 1635 quo
1026 1550 1150 1617 Paulus

110 1663 310 1730 Corinthios
336 1660 380 1728 ad
406 1659 645 1730 liberalitatem
674 1677 753 1740 erga
775 1671 909 1725 coetum
929 1661 1150 1733 Christiano·

108 1798 189 1842 rum
199 1772 541 1862 Hierosolymitauum
556 1770 779 1845 adhortatur,
793 1786 828 1834 et
841 1771 1051 1841 mentionem
1070 1773 1153 1846 facit

108 1886 305 1975 ἀδελφοΰοῦ
325 1886 339 1956 i
359 1885 479 1963 inerter
503 1889 535 1954 ἓν
551 1889 594 1972 τῷ
615 1887 794 1970 εὐαγγελίῳ
814 1887 865 1953 διὰ
882 1891 991 1954 πασῶν
1010 1893 1070 1956 τῶν
1090 1893 1150 1956 ἐκ·

79 2006 83 2012 ’
113 2009 269 2080 saltastis,¹
286 2021 388 2086 quem
408 2021 477 2062 una
499 2020 576 2066 eum
601 1997 682 2065 Tito
713 1996 812 2082 stipis
837 1993 1027 2082 erogandae
1049 2005 1154 2065 'causa
1212 2065 1215 2073 Δ

111 2113 156 2178 ad
178 2113 375 2180 Corinthios
400 2111 556 2182 misisset.
599 2113 702 2178 H'uue
734 2111 873 2195 ἀδελφὸν
902 2127 1028 2198 putant
1049 2113 1155 2182 fuisse

114 2227 325 2309 Lueam‚'et
349 2223 438 2312 stipe
455 2218 624 2309 eroganda
641 2222 678 2286 in
696 2243 796 2286 usum
817 2236 932 2288 coetus
951 2225 1152 2315 Hierosoly-

112 2336 232 2402 mitani
247 2335 373 2431 optime
396 2333 440 2399 de
459 2336 622 2402 Hebraeis
645 2329 809 2398 meritum
833 2329 981 2422 ideoque
1003 2337 1043 2402 iis
1062 2363 1149 2429 per-

113 2471 228 2516 aarum
243 2447 356 2513 fuisse·
403 2445 473 2512 Sed
491 2447 690 2534 quaeritur,
712 2465 797 2508 num
814 2443 872 2509 hit
891 2450 1031 2535 ἁδελφὸς
1047 2449 1153 2519 fuerit

111 2539 231 2628 Lucas.
253 2560 322 2629 Vix
336 2553 433 2622 aredi
449 2571 588 2644 potest,
610 2577 688 2621 eum
701 2554 824 2621 Paulus
841 2559 960 2624 Titum
977 2563 1150 2649 nominet,

112 2674 259 2756 Lucam,
280 2669 445 2736 maximae
469 2669 678 2735 auctoritatis
697 2667 874 2736 doctorem
894 2670 1147 2749 Christianum,

113 2805 181 2852 nou
201 2785 276 2869 ejus
290 2781 449 2862 nomine,
472 2781 533 2847 sed
555 2780 759 2872 simpliciter
778 2791 830 2857 eir
852 2786 990 2871 ἀδελφὸν
1008 2808 1027 2849 a
1044 2785 1149 2882 ¹Paulo

101 2893 321 2982 appellatum
347 2918 430 2961 esse.
473 2897 564 2965 Hine
586 2896 689 2962 etiam
714 2897 917 2988 discrepant
941 2899 1149 2985 interpretes
1242 2921 1245 2927 ·

111 3005 213 3092 hujus
228 3006 298 3074 Ioci
312 3005 350 3072 in
370 3005 592 3090 definiendo,
612 3007 687 3096 quis
704 3009 808 3076 fuerit
824 3009 887 3075 iste
897 3014 1050 3096 ἀδελφός.
1074 3013 1147 3078 Cir.

113 3118 324 3186 Mosheim
345 3119 561 3206 Erklc'irung
585 3119 648 3187 des
667 3136 825 3211 zweyten
847 3125 991 3210 Briefet
1012 3147 1060 3188 aa
1088 3126 1148 3190 die

113 3229 349 3309 Kerinthier‚
373 3255 410 3320 p·
424 3231 499 3302 440.

154 3363 183 3406 e.
206 3341 315 3408 Porro
338 3364 408 3409 non
431 3356 558 3411 tantae
582 3349 819 3416 auctoritatis
839 3373 916 3417 esse
937 3353 1050 3440 potuit
1071 3353 1145 3424 Lu-

119 3471 187 3534 tas,
211 3467 250 3518 ut
266 3473 327 3518 suo
343 3457 479 3522 nomine
496 3457 716 3529 Timotheum
732 3461 776 3528 ad
796 3460 956 3554 mandata
979 3460 1147 3553 quaedam
1175 3469 1177 3476 ’

117 3564 237 3630 exteris
265 3562 463 3633 Christianis
496 3571 702 3659 perferenda
734 3574 870 3638 mittere
902 3591 1042 3662 posset3
1082 3577 1145 3658 cfr.

116 3675 219 3744 Hebr.
236 3677 341 3753 XIII,
364 3679 418 3744 23.
461 3677 554 3746 Haee
573 3682 687 3750 missio
705 3684 877 3752 Timothei
899 3689 1014 3776 potius
1034 3687 1078 3752 ad
1099 3689 1146 3756 vi·

116 3808 187 3852 rum
208 3787 393 3872 apostolica
412 3793 609 3862 auctoritate
624 3793 824 3880 gaudentem
846 3797 1029 3868 referenda
1046 3818 1128 3870 est„

156 3898 188 3978 d.
216 3898 348 3982 Porro,
371 3901 399 3966 si
428 3903 556 3988 Lucas,
581 3903 781 3996 parentibus
805 3907 989 3991 gentilibus
1017 3929 1138 3992 uatus,

116 4027 225 4076 auctor
248 4011 409 4102 epistolae
429 4031 535 4094 esset,
559 4041 628 4106 quo
653 4015 788 4086 tandem
813 4022 917 4091 modo
939 4027 1036 4093 initio
1061 4026 1141 4113 epi·
