2810 4784
664 336 849 428 (⁸3²)

244 541 355 592 moras
378 518 489 612 posui.
513 551 553 570 -·
576 519 690 588 Omne
711 534 866 611 tempas,
887 515 998 586 omnis
1020 535 1078 587 sos
1097 514 1222 588 locus
1256 509 1347 582 dod

252 649 353 718 esst,
375 657 479 728 quam
501 630 601 706 facile
625 634 671 701 sit
693 634 894 706 renuntiare
925 647 1066 698 naturae
1096 645 1135 698 ct
1173 650 1344 694 munus

248 769 350 816 snam
379 745 432 814 illi
465 745 700 842 impingere?
743 745 867 816 Paulus
900 767 1043 837 prorsus
1061 743 1127 812 alia
1162 742 1342 814 ratione

247 861 460 930 Christianos
490 857 535 930 ad
570 859 793 929 constantiam
819 859 856 928 in
879 857 1032 929 adversis
1060 857 1338 929 adhortatur:

251 973 399 1059 s‘Cum,
419 975 555 1069 inquit.
578 991 670 1043 tanta
693 973 850 1067 undique
868 975 1044 1060 cingamur
1063 973 1223 1040 testium
1259 993 1337 1038 co-

249 1089 332 1182 Ρίεί
356 1106 551 1160 constantes
569 1110 814 1182 persequamur
834 1103 1010 1156 cacumen
1034 1086 1133 1153 nobis
1159 1106 1333 1178 propo-

251 1205 380 1290 sitam,
401 1201 574 1272 intuentes
595 1202 739 1270 maxime
761 1200 844 1268 fidei
866 1201 1125 1291 antesignanum
1148 1217 1190 1269 et
1219 1221 1331 1266 con·

253 1333 516 1402 summatem,
539 1313 600 1406 qui
618 1332 657 1382 ut
675 1338 804 1383 summa
822 1313 987 1384 felicitate
1003 1311 1152 1402 gaudere
1167 1326 1327 1403 posset,

254 1429 367 1498 crucis
385 1428 592 1521 supplicium
609 1429 733 1511 subiit,
747 1443 783 1498 et
796 1445 911 1520 spreta
929 1427 1199 1516 ignominis,ad
1218 1425 1323 1494 dex·

208 1569 214 1585 ’
255 1559 346 1612 uam
363 1539 441 1609 solii
464 1542 573 1612 divini
598 1542 766 1612 consedit.
812 1541 973 1639 Spectatc
992 1543 1110 1624 illum,
1132 1567 1180 1612 ue
1209 1541 1316 1609 deli·

255 1656 355 1730 cietis
378 1657 501 1730 mimo
543 1656 615 1729 vos.
636 1673 774 1745 manet,
795 1659 885 1728 sicut
909 1659 1027 1745 illum,
1051 1658 1133 1727 urbs
1156 1657 1228 1724 Dei
1252 1655 1314 1724 vi·

255 1773 312 1858 vl,
333 1769 565 1868 Hierosolyma
584 1771 764 1860 coelestis,
787 1791 903 1844 coetus
924 1791 959 1843 et
977 1773 1098 1844 concio
1121 1772 1305 1864 primoge-

257 1885 428 1971 nitorum,
453 1885 533 1958 albo
551 1884 690 1954 coelesti
707 1887 974 1977 inscriptorum,
998 1887 1093 1960 cct.”

187 2043 189 2048 ,
302 1998 427 2073 Paulus
453 2024 662 2097 quamquam
687 1997 835 2069 subinde
862 2001 981 2072 Stoica
1008 2001 1046 2070 in
1076 2024 1172 2069 suum
1198 2021 1287 2066 mant

261 2127 481 2198 convertens,
492 2111 619 2179 mansit
633 2111 873 2200 Christianuss
896 2117 985 2183 sicut
999 2115 1153 2200 Seneca,
1171 2136 1292 2204 qnm·

196 2285 199 2294 .
261 2250 366 2332 qnam
380 2225 539 2316 dogmata
557 2223 833 2296 Christianorum
851 2249 896 2295 ex
909 2227 1015 2298 Panlo
1035 2227 1195 2316 cognovit
1211 2241 1249 2292 ct
1267 2225 1306 2288 in

264 2361 344 2412 suos
372 2341 521 2410 subinde
548 2361 627 2407 nens
649 2337 833 2424 adhibuit,
864 2343 990 2432 mansit
1018 2341 1151 2412 Stoicus
1180 2338 1250 2410 {ati
1277 2351 1311 2408 st

263 2454 474 2532 sntochirias
501 2451 664 2526 defensor
685 2454 884 2528 acerrimus.
934 2451 936 2456 ’
1002 2479 1006 2488 ·

309 2572 345 2644 4.
366 2562 560 2643 Verisimile
585 2567 671 2640 mihi
692 2569 786 2638 enim
809 2568 964 2654 videtur¹
985 2584 1024 2640 ut
1042 2570 1113 2658 ism
1130 2590 1239 2660 snpra
1259 2564 1312 2634 di·

265 2685 322 2766 xi.
336 2683 374 2755 in
390 2685 548 2759 Senecae
562 2682 673 2754 librae
689 2685 874 2758 nonnullos
889 2685 1067 2776 quaedam
1082 2708 1103 2754 s
1128 2683 1313 2752 christia·

266 2823 397 2882 ssorum
421 2798 573 2893 placitis
594 2797 774 2886 fluxisse,
804 2796 841 2863 in
866 2821 922 2866 eos
953 2798 1142 2884 nimirum,
1165 2797 1252 2892 qui,
1273 2820 1310 2867 cx

268 2935 341 3012 quo
362 2907 626 2979 familiaritatem
647 2909 819 3004 quandam
840 2933 918 2981 eum
939 2911 1143 2980 Christianis
1165 2927 1308 2981 contra·

267 3039 387 3104 xerat,
413 3021 535 3111 scdpti
564 3039 666 3108 sunt,
698 3026 791 3092 inter
820 3048 905 3116 quos
932 3027 1077 3094 maxime
1104 3024 1240 3096 librum
1270 3026 1307 3094 de

181 3179 184 3183 ·
267 3139 515 3230 Providentia,
542 3136 712 3236 Epistolas
735 3154 771 3207 et
793 3136 971 3210 Naturales
999 3139 1230 3230 Quaestioncs
1253 3163 1308 3210 re·

266 3258 355 3330 lero.

312 3375 346 3442 5.
369 3369 526 3460 Denique
545 3365 588 3442 ab
609 3366 769 3446 omnibus
791 3365 1051 3438 concedendum
1068 3383 1146 3456 est,
1171 3367 1314 3442 Paulum

270 3486 310 3559 in
332 3487 401 3556 suis
423 3481 636 3560 sermonibus
652 3499 689 3552 ct
709 3480 861 3574 epistolis
883 3481 1030 3550 subinde
1046 3485 1149 3554 etiam
1167 3507 1212 3550 ιιι
1229 3485 1315 3553 aliia

273 3597 517 3692 scrilstoribus
534 3596 691 3665 ethnicis
710 3597 891 3666 hausisse·
926 3595 1033 3664 Notus
1052 3614 1104 3666 est
1117 3596 1215 3667 locus
1234 3601 1315 3668 Act.

273 3709 393 3790 xvu,
419 3711 483 3778 28²
527 3710 586 3782 Ἐν
600 3711 684 3798 eisd
697 3715 760 3798 γὰρ
774 3715 874 3800 ζῶμεν
893 3715 946 3784 sat
967 3714 1129 3798 ιιινιῦμιιιι
1147 3717 1204 3784 sul
1220 3717 1314 3796 ἔσμεν

274 3831 314 3904 sic
338 3829 393 3896 sot
412 3852 491 3902 τινες
510 3833 569 3900 τῶν
588 3826 658 3898 καθ’
680 3831 764 3910 ὑμᾶς
785 3835 915 3912 ποιητῶν
933 3830 1088 3913 εἰρήκασι·
1101 3834 1163 3904 ,τοῦ
1181 3832 1245 3918 γὰρ
1262 3830 1315 3898 sal

276 3941 363 4023 you
381 3943 486 4026 ἐσμεν.
530 3938 803 4034 Hemistychinm
821 3941 889 4010 hoc
910 3963 952 4010 ex
976 3941 1074 4012 Arati
1099 3941 1313 4010 Phaenome-
