2866 4780
580 414 732 513 (ιι)

141 575 284 678 ultimus
308 603 476 672 cervicem
496 597 702 688 praeberet?
747 592 846 660 Idem
863 591 1013 658 facimus.
1052 593 1175 676 Magno

144 720 381 796 aestimamus,
403 711 532 780 tardius
547 703 644 782 mori.
689 709 732 774 In
755 727 870 772 omnes
891 705 1112 770 constitutum
1127 715 1179 770 est

146 829 293 920 capitale
316 823 542 915 supplicium,
556 838 590 888 et
608 815 750 910 quidem
768 813 1008 880 constitutione
1025 813 1175 900 justissi-

143 945 239 1014 ma.”
284 943 333 1006 De
359 935 495 1008 Provid
522 937 561 1002 6.
607 962 626 1004 «
645 923 862 997 Contemnite
893 943 1056 1011 mortem,
1090 947 1176 1017 quaa

144 1078 214 1128 vos
228 1069 304 1122 aut
315 1051 392 1133 finit
411 1064 467 1113 aut
485 1041 718 1116 transfeot.···
738 1027 856 1140 Ipsum
872 1033 980 1118 illud,
985 1038 1096 1132 quod
1106 1064 1178 1111 vo

148 1182 246 1234 catur
267 1164 373 1247 mori,
397 1183 464 1250 quo
494 1156 606 1224 anima
632 1127 782 1226 discedit
803 1174 823 1215 e
854 1171 1023 1241 corpore,
1040 1137 1180 1230 'brevius

146 1296 198 1347 est
219 1301 322 1369 quam
345 1291 384 1342 ut
413 1269 533 1338 sentiri
561 1284 656 1334 tauta
682 1264 841 1340 velocitas
868 1267 988 1351 possit.
1043 1263 1182 1356 Ecquid

146 1359 371 1470 erubescitis?
417 1381 522 1472 Quod
547 1398 615 1447 tam
645 1381 714 1448 citu
743 1379 803 1461 fit,
828 1376 951 1444 timetis
973 1359 1094 1445 diu‘i’'

189 1501 250 1564 His
267 1516 302 1565 et
321 1495 487 1568 similibus
507 1490 713 1580 argumentis
734 1489 892 1558 Seneca
882 1512 919 1555 nn
935 1489 1090 1556 omnibus
1108 1487 1184 1558 ferd

148 1609 287 1696 scriptis
312 1625 432 1675 contra
455 1622 583 1672 metum
609 1607 728 1670 mortis
753 1604 881 1669 animos
899 1599 1067 1670 lectorum
1097 1626 1180 1670 mn-

148 1724 226 1802 nire
249 1743 377 1814 eosque
403 1735 574 1815 tamquam
596 1717 769 1803 mancipia
793 1735 903 1784 metus
925 1714 1042 1782 mortis
1066 1715 1103 1782 in
1131 1713 1183 1782 li·

147 1837 316 1912 hertatam
355 1857 528 1916 asserere,
569 1830 795 1922 maximopere
830 1831 992 1898 elaborat·
1048 1829 1179 1898 Auctor

148 1948 314 2039 epistolae
337 1964 494 2024 nostrae,
518 1945 641 2010 horum
658 1961 922 2036 praeceptorum
940 1921 1073 2011 Stoicae
1097 1943 1183 2034 phi-

145 2061 319 2150 losophiae
342 2084 412 2127 non
428 2063 585 2146 ignarus,
611 2055 791 2124 contendit
814 2081 862 2124 vs.
879 2058 919 2132 14
937 2073 972 2122 et
993 2061 1034 2126 15
1044 2107 1054 2141 ,
1076 2059 1184 2144 multo

145 2172 264 2242 melius
291 2193 408 2250 contra
433 2172 552 2238 mortis
578 2185 706 2236 metum
736 2145 865 2240 animos
896 2170 1023 2242 muniri
1048 2170 1118 2240 fida
1144 2176 1183 2240 in

145 2289 342 2371 Christum,
368 2291 499 2384 quippe
525 2285 586 2376 qui
613 2300 724 2349 morte
747 2307 807 2348 sua
835 2301 868 2350 et
890 2307 963 2358 eam
982 2306 1095 2353 secuta
1122 2312 1182 2353 ra-

142 2404 352 2486 surrectionc
371 2417 405 2480 et
430 2400 589 2480 doctrina
610 2415 739 2464 certam
760 2421 859 2484 spem·
880 2396 1015 2464 alterius
1043 2403 1185 2494 ejusque

143 2513 291 2584 melioris
311 2518 400 2590 uitae
427 2514 525 2590 nobis
558 2508 702 2590 fecerit,
739 2531 849 2598 eaque
872 2511 989 2575 mortis
1011 2530 1138 2582 metum
1166 2543 1184 2583 a

140 2630 211 2717 suis
227 2627 360 2704 asseclis
380 2625 587 2718 propulerit.
633 2624 748 2710 Quem
769 2617 964 2714 philosophi
982 2603 1185 2712 primarium

142 2741 250 2810 finem
281 2762 421 2804 suorum
453 2717 717 2829 praeceptorum
749 2749 784 2799 et
815 2733 1031 2804 decretorum
1057 2739 1179 2807 decla.

143 2870 244 2938 rant3
268 2853 319 2936 is,
341 2853 476 2946 inquit,
499 2869 549 2920 est
572 2852 753 2940 primarius
772 2851 875 2924 etiem
895 2851 974 2918 finis
994 2855 1180 2942 evangelii,
1235 2845 1238 2850 ¹

142 2989 268 3056 nempe
295 2985 414 3044 contra
440 2969 558 3043 mortis
585 2985 713 3035 metum
736 2965 871 3032 munire
901 2965 1042 3038 animos.
1101 2969 1185 3038 Ideo

141 3098 258 3166 auctor
283 3079 448 3166 evangelii
478 3081 633 3152 assumsit
658 3095 817 3148 naturam
838 3077 1039 3163 humanam,
1066 3100 1104 3147 ut
1123 3107 1183 3152 sua

138 3211 247 3272 morte
267 3218 364 3274 eum,
388 3195 447 3284 qui
473 3197 527 3280 jus
552 3194 645 3274 necis
668 3195 785 3277 habet,
813 3193 1004 3264 destrueret
1031 3211 1066 3260 et
1097 3198 1177 3265 ani-

145 3289 218 3388 inos
241 3308 407 3390 serviliter
433 3313 576 3378 mortem
606 3325 797 3392 metuentes
819 3333 839 3374 e
862 3307 978 3372 mortis
1009 3325 1102 3372 metu
1128 3308 1179 3373 li«

143 3419 290 3504 hereret,
334 3421 509 3506 Bersnasio
531 3421 575 3488 de
607 3422 796 3492 animorum
820 3419 1036 3514 perennitate
1060 3438 1095 3489 et
1124 3422 1178 3492 al·

147 3546 218 3596 tera
246 3556 350 3621 eaque
381 3535 531 3600 beatiore
569 3536 636 3601 vita
665 3553 744 3630 post
775 3549 921 3598 mortem
946 3535 1180 3634 expectanda,¹

144 3669 246 3743 quam
270 3647 407 3714 Christo
433 3647 593 3734 docenti,
613 3647 777 3716 morienti
798 3662 831 3711 et
854 3650 1045 3748 resurgenti
1066 3649 1178 3720 debe·

141 3779 237 3840 mus,
271 3758 378 3828 multo
411 3764 576 3830 efficacius
614 3787 718 3852 quam
755 3783 957 3854 paraeneses
997 3761 1128 3852 Stoicae
1159 3792 1179 3839 a

142 3870 255 3954 terviii
276 3875 393 3958 mortis
415 3896 508 3955 metu
530 3877 692 3953 liberant,
