2810 4784
563 411 577 498 t
622 409 742 499 2211)
800 367 842 462 ’-

136 598 266 682 Ptolo,
287 598 325 664 in
342 595 468 666 Neues
488 594 698 664 Kritr’sches
711 592 870 662 Journal
883 591 949 660 cler
967 589 1091 665 Theol.
1105 589 1181 667 Li«

55 707 58 712 ¹
139 715 368 781 reroturoou
388 709 445 779 W
442 711 517 776 οἱον
535 707 869 795 und-Engelhard‚
890 709 927 776 Β.
945 706 1018 792 ΙΧ,
1040 732 1079 775 n.
1095 707 1132 776 4·
1191 709 1196 716 ’

180 831 212 896 5.
247 826 415 912 Suspecta
442 820 617 890 nonnullis
638 821 778 890 ridetur
801 822 897 906 origo
918 819 1083 908 epistolae
1108 837 1179 888 no-

133 955 225 1006 strae
238 937 378 1006 Paulina
390 936 435 1004 ob
449 937 733 1022 descriptionem
748 935 892 1022 Templi
906 935 951 1002 H
951 935 1176 1025 ierosolymi-

136 1058 218 1122 roni
238 1067 276 1120 et·
298 1057 434 1118 rituum
454 1053 493 1118 in
517 1075 557 1117 eo
574 1052 711 1136 peregi
736 1051 948 1128 solitorum,
982 1071 1092 1136 quom
1108 1069 1195 1114 non,

135 1173 306 1236 accurate
327 1189 407 1232 oum
426 1165 690 1248 descriptione,
715 1187 806 1252 quoe
827 1167 866 1231 in
886 1165 934 1233 V·
955 1164 999 1231 T.
1022 1163 1183 1250 legitur,

137 1280 355 1364 concordare
370 1278 509 1346 dicunt.
540 1276 577 1344 Si
595 1275 740 1354 Paulus,
758 1277 947 1367 inquiunt,
965 1293 1086 1344 auctor
1099 1276 1182 1366 epi·
1223 1333 1225 1338 .

136 1391 241 1462 stolae
261 1407 372 1475 esset,
403 1391 507 1457 homo
538 1390 673 1480 quippe
694 1389 843 1456 iudaeus
866 1389 996 1482 diuque
1015 1388 1181 1458 Hierosoa

135 1505 245 1596 lyciae
263 1520 505 1581 commoratus,
520 1520 576 1586 et,
592 1524 680 1592 quae
696 1501 741 1568 ad
761 1504 992 1576 oeconomiam
1008 1500 1130 1596 templi
1147 1514 1184 1568 et

135 1619 222 1686 ritus
246 1639 359 1684 sacros
382 1617 582 1706 pertinent,
612 1615 837 1683 eorumbene
860 1639 1008 1703 gnarus3
1040 1636 1185 1690 nenne-1
1274 1691 1278 1701 ¹

136 1755 236 1821 guent
250 1729 422 1820 quidemr
435 1729 688 1822 descriptione,
703 1751 791 1819 quae
802 1731 841 1796 in
856 1728 1090 1798 Pentateucho
1107 1745 1181 1815 est,

130 1829 175 1914 'et
199 1843 251 1920 ad,
274 1847 371 1930 cujus
392 1865 546 1912 normam
572 1857 697 1910 cuncta
715 1842 754 1910 in
773 1843 902 1936 templo
929 1843 1186 1912 accommodata

136 1976 259 2042 eraut„
284 1957 504 2026 discessisset.
539 1956 670 2024 Verum
693 1957 868 2026 enimvero
886 1957 1055 2027 discessit.
1088 1960 1180 2026 Tea·

139 2091 254 2146 tantur
273 2069 475 2167 hospitarer
493 2069 872 2160 versmoapitisnoni,
893 2085 929 2138 et
948 2071 1184 2162 discrepantes

138 2190 367 2280 interpretum
398 2187 620 2266 sententiae,
655 2183 782 2272 quihus
812 2203 986 2254 auctorem
1016 2186 1182 2276 epistolae

26 2364 30 2372 .
136 2315 271 2368 nostrae
297 2321 374 2378 eum
393 2295 628 2369 Pentateucho
649 2296 834 2366 conciliare
855 2298 1075 2368 studuerunt.
1186 2353 1188 2361 i

176 2407 770 2498 Hanc-difficultatemexpediendi
798 2410 961 2481 facillima
988 2414 1077 2482 ratio
1103 2429 1176 2494 eat.

131 2530 160 2596 si
175 2547 345 2596 sumamus
363 2522 507 2590 Paulum
527 2523 656 2590 Romae
674 2523 740 2590 su'h
761 2521 866 2591 finem
879 2527 1085 2615 captivitatis
1099 2551 1179 2597 suae

132 2638 311 2731 epistolam
329 2649 482 2720 nostram
503 2636 703 2724 scripsisse,
725 2655 804 2704 cum
826 2637 982 2728 qtriuque
1003 2639 1077 2708 fere
1094 2641 1188 2710 anui'

135 2755 241 2846 elapsi
261 2765 398 2828 essent,
430 2771 473 2818 er
492 2771 561 2840 quo
585 2748 839 2840 Hierosolymae
858 2773 1070 2822 commorans
1092 2729 1177 2822 riti-

133 2870 199 2936 bus
222 2866 326 2936 saeris
352 2867 389 2932 in
412 2863 543 2959 templo
562 2865 730 2932 interesse
750 2877 900 2954 poterat·
952 2865 1070 2958 Atque
1092 2867 1183 2938 haec
1241 2894 1243 2898 ·

129 2981 248 3050 ultima
265 2979 485 3046 commoratio
502 2977 598 3044 Pauli
609 2978 647 3044 in
660 2978 843 3068 metropoli
860 2979 1071 3068 Indaeorum
1087 3004 1174 3070 per·

131 3095 246 3164 brevis
273 3093 363 3178 suit,
394 3093 606 3183 subsequens
637 3091 801 3162 diuturna
819 3093 956 3184 *itinera
980 3095 1019 3161 in
1048 3095 1175 3163 exteris

129 3209 336 3297 regionibus.
378 3205 491 3274 Facile
509 3207 614 3292 igitur
633 3205 710 3274 fieri
727 3207 867 3302 potuit,
890 3221 929 3272 ut
955 3207 1103 3292 Paulus,
1135 3207 1182 3276 in

132 3337 249 3392 nostra
278 3317 421 3410 epistola
451 3317 651 3389 describens
677 3319 852 3410 templum
878 3334 913 3386 et
942 3323 1176 3408 oeconomiam

132 3433 251 3524 templi
269 3451 303 3500 et
322 3436 408 3500 ritus
429 3455 561 3511 sacros.
582 3433 716 3526 lapsum
735 3432 915 3502 memoriae
935 3436 1172 3525 experiretur,

130 3549 330 3638 praesertim
350 3569 427 3615 eum
443 3568 518 3628 nou¹
536 3547 621 3617 inde
646 3574 665 3615 a
684 3547 852 3636 pueritiae
877 3547 976 3620 anuis
992 3549 1167 3620 Hieroso·

26 3691 27 3700 ¹
131 3661 228 3752 lymis
250 3662 434 3729 habitasset
456 3661 535 3750 (5).

162 3941 218 4012 (5)
247 3939 299 4006 Qui
323 3941 387 3998 alias
409 3909 475 3998 hanc
492 3945 670 4004 difficultatem
691 3947 843 4018 expediendi
859 3947 973 4004 rationes
992 3949 1059 4005 scire
1080 3951 1169 4038 capit

128 4027 202 4083 adeat
217 4028 435 4084 Commentariun
453 4031 630 4090 Kuiuoelii
647 4035 680 4088 ad
697 4031 827 4108 caputih.
911 4071 913 4076 ,
976 4065 977 4068 ¹
