2858 4784
617 414 632 499 ‹
675 409 716 498 8ν
762 409 781 498 l

161 593 261 662 nihil
289 591 391 680 facit,
415 595 509 687 quod
532 619 602 663 non
624 589 752 678 debete
785 583 899 682 itaque
920 619 1086 686 poenam,
1111 629 1214 697 quam

155 714 301 797 exigere
321 709 447 787 debet,
472 735 544 777 nou
566 703 722 775 donet.”
767 702 880 771 Addit
897 705 1024 777 deinde
1044 713 1088 781 ad
1111 718 1211 786 miti.

154 821 315 905 gendam
338 824 541 890 sententiam
561 823 701 900 duram,
726 818 824 903 cujus
843 841 941 885 oeusa
963 821 1086 894 Stoicis
1105 831 1205 918 obji-

154 937 344 1018 ciebatur,
367 959 423 1003 eos
442 935 586 1022 jubere,
606 929 854 999 humanitatem
872 931 1068 1006 dediscere:
1102 939 1206 1012 «Se-

151 1047 265 1136 piens
287 1046 425 1139 quidem
448 1071 519 1114 non
547 1045 607 1112 dut
633 1043 788 1121 veniam,
820 1043 883 1111 sed
902 1045 1014 1129 illud,
1050 1052 1143 1142 quod
1165 1077 1208 1125 ex

153 1163 263 1228 venia
283 1163 446 1253 consequi
465 1161 536 1244 ris,
556 1159 753 1226 honestiore
771 1159 825 1225 via
849 1158 912 1226 tibi
933 1162 1065 1231 tribuit.
1108 1167 1200 1234 Per·

155 1273 228 1353 cit,
254 1271 418 1354 consulit,
441 1271 595 1356 corrigit.
649 1269 747 1338 Idem
766 1271 867 1355 facit,
900 1272 1014 1362 quod,
1048 1279 1077 1342 si
1097 1278 1204 1364 igno·

152 1401 290 1463 sceret.
306 1406 385 1451 non
402 1384 561 1470 ignoscit.
571 1381 599 1416 '’
642 1383 812 1476 opposite
827 1383 871 1449 ed
885 1384 951 1453 bor
966 1384 1087 1474 dogma
1104 1391 1202 1458 Jesus

154 1511 380 1584 eomparatur
410 1519 488 1564 oum
504 1492 691 1570 ,sacerdote
722 1497 876 1581 δυναμένῳ
903 1504 1118 1583 μετριοπαθεῖν
1139 1513 1204 1582 sois

154 1612 384 1692 πλανωμέναις.

207 1719 316 1787 Stoici
335 1719 520 1787 dixerunta
545 1717 687 1811 Sapiens
700 1735 774 1784 non
787 1717 967 1786 miseretur
985 1721 1203 1810 (συμπαθεῖ).

158 1829 287 1902 Senec.
308 1829 354 1897 de
376 1831 543 1905 Clement.
565 1831 618 1907 ΙΙ.
642 1831 685 1912 4,
707 1833 749 1900 ὃν
789 1859 807 1903 (ν
824 1828 984 1924 Plerique
998 1831 1200 1901 misericor·

155 1939 252 2004 diam
270 1956 309 2006 ut
331 1943 493 2008 virtutem
510 1937 655 2006 laudent
676 1954 711 2006 et
732 1939 862 2006 bouum
882 1943 1055 2010 bominem
1077 1961 1203 2014 vocant

153 2049 429 2118 misericordem.
483 2051 552 2119 Sed
578 2051 812 2124 misericordie
844 2067 896 2119 est
922 2053 1065 2137 vitium,
1101 2057 1198 2145 quod

153 2187 273 2230 omnes
292 2162 376 2229 boni
396 2161 566 2230 vitabunt.
609 2162 672 2229 Est
691 2164 784 2233 enim
800 2165 922 2236 vitium
938 2165 1055 2254 pusilli
1067 2169 1195 2255 animi,

155 2273 201 2344 ad
216 2275 364 2368 speciem
377 2275 565 2341 alienorum
577 2271 744 2344 melorum
755 2276 965 2344 succidentis
985 2315 1031 2332 -
1051 2299 1109 2346 aut
1125 2284 1196 2349 tri·

150 2389 245 2458 stitia
264 2413 307 2456 ex
332 2386 451 2466 alienis
472 2386 570 2454 malis
596 2403 791 2470 contracte,
825 2411 912 2476 quee
938 2388 1197 2458 immerentibus

150 2502 314 2569 accidere
331 2499 456 2571 caedit.
498 2497 691 2585 Aegritudo
713 2514 826 2567 eutem
846 2496 884 2562 in
910 2499 1100 2588 sapientem
1122 2525 1197 2570 nou

149 2611 258 2680 cadit.
272 2613 295 2644 ''
315 2587 318 2598 ⁸
340 2613 472 2679 Anton.
490 2613 580 2693 Vll,
598 2614 641 2680 45
662 2624 754 2678 vetat
770 2605 948 2675 lamentari
965 2631 1043 2685 cum
1057 2609 1194 2680 lemen·

151 2721 310 2798 tentibus
324 2720 379 2788 vel
399 2724 629 2807 πννεπνθρννεθν.
673 2719 844 2812 Opposite
865 2718 910 2786 ed
928 2718 996 2787 hoe
1016 2720 1142 2788 durum
1158 2739 1194 2790 et

148 2835 380 2904 inhumanum
404 2834 526 2930 dogma
550 2835 647 2902 Jesus
677 2831 806 2901 dicitur
834 2836 995 2918 ἐλεήμων,
1029 2837 1195 2921 δυνάμενος

126 3025 128 3028 ,
148 2954 358 3038 σναπαθθσαν
372 2961 443 3028 παῖς
458 2946 628 3028 &revelare
651 2953 751 3034 ἡμῶν,
770 2963 806 3016 et
825 2946 904 3016 ideo
922 2947 1029 3015 multe
1049 2963 1193 3041 passus,

147 3082 190 3132 ut
209 3063 304 3132 haud
319 3067 456 3151 ignarus
474 3061 554 3130 meli
571 3060 644 3128 aliis
660 3085 861 3130 succurrere
878 3078 1014 3154 posset:
1038 3068 1071 3135 έν
1090 3063 1113 3151 ᾧ
1129 3069 1196 3150 ναν

149 3183 300 3252 πέπονθεν
317 3182 411 3257 corle
432 3179 623 3266 astraride.
648 3181 776 3254 δθναπαν
797 3181 946 3264 βοηθῆσαι
963 3187 1027 3255 πιθα
1045 3181 1192 3266 πενραζν·

149 3299 273 3382 μένας,
295 3295 346 3373 ΙΙ,
370 3293 421 3361 18.
1067 3363 1077 3370 ,
1150 3373 1153 3380 ,
1223 3301 1226 3306 “

139 3419 143 3426 ’
195 3406 300 3476 Stoici
321 3432 339 3472 a
359 3405 513 3494 rapiente
531 3427 592 3470 suo
614 3402 838 3492 flagitabunt,
861 3419 902 3469 ut
918 3405 1015 3470 nolte
1033 3403 1188 3472 colomi-

151 3511 255 3602 θαθε,
278 3521 372 3586 nullo
394 3519 534 3602 dolore,
563 3519 658 3585 nullo
679 3517 810 3584 mortis
831 3539 965 3604 genere
994 3540 1189 3586 commove-

153 3647 280 3715 retur,
301 3631 360 3696 sed
373 3631 605 3699 inconcussam
623 3634 797 3720 ἀταραξίαν
815 3628 1026 3698 ostenderet.
1057 3631 1190 3700 Seneca

151 3743 197 3815 de
217 3747 386 3813 Clement.
408 3747 461 3828 Il,
483 3731 522 3816 5¹2
554 3774 572 3816 <t
590 3745 667 3812 Non
687 3759 801 3834 potest
821 3765 961 3828 magnus
976 3744 1106 3810 animus
1126 3759 1185 3812 es'·

153 3886 207 3944 se,
222 3862 250 3930 si
261 3876 370 3926 metus
384 3876 418 3926 et
432 3883 564 3926 moeror
576 3883 653 3924 eum
673 3855 865 3945 confundit.
890 3855 1032 3952 Sapiens
1050 3863 1186 3930 omnem

152 3975 309 4041 fortunae
328 3974 413 4040 iram
435 3971 668 4038 reverberabit
686 3988 720 4040 et
741 3988 819 4037 ente
841 3991 875 4036 se
898 3968 1060 4054 franget„
1086 3968 1184 4034 Ean-

154 4087 230 4156 dem
251 4113 385 4179 semper
395 4087 514 4196 lacie‘m
524 4087 693 4170 servabit,
710 4080 1189 4180 placidam,ineoneosam.’3·
