2858 4784
648 433 829 526 (158)

251 633 406 700 Fortasse
431 648 470 692 ea
493 619 635 713 scripsit
657 621 809 698 Seneca,
828 639 907 682 cum
926 613 1080 682 nondum
1103 592 1270 684 accura-

207 749 332 814 tiorem
351 742 507 810 notitiam
534 713 708 824 religiohis
734 733 902 800 Mosaicae
923 731 988 798 sihi
1010 748 1265 821 comparasset.

214 853 285 932 Sed
306 861 334 928 ai
358 857 412 927 rel
432 876 619 945 ponamus,
651 845 786 920 ludaeis
815 845 981 914 Senecam
1008 867 1078 912 non
1104 847 1256 927 lavisse,

207 977 246 1054 id
258 981 392 1042 tantum
408 971 524 1054 abest,
546 983 585 1034 ut
603 965 768 1034 Senecam
784 987 804 1027 a
817 959 923 1030 Paulo
939 958 1176 1046 cognoscendo
1190 959 1260 1026 de..

211 1105 381 1171 terreret,
406 1102 443 1152 ut
463 1105 504 1150 eo
521 1084 719 1174 proniorem
737 1099 815 1145 eum
831 1073 874 1141 ad
892 1073 1035 1142 Paulum
1049 1071 1255 1142 adeundum

209 1203 359 1275 reddere
382 1214 507 1292 posset.
561 1193 716 1262 Burrhus
739 1192 830 1258 enim
849 1187 893 1255 de
913 1183 1018 1254 Paulo
1042 1209 1113 1253 non
1137 1187 1254 1261 solnm

214 1336 388 1410 tamquam
402 1313 543 1380 doctore
559 1309 580 1373 J
583 1306 722 1391 udaico,
744 1301 805 1372 sed
823 1305 924 1370 etiam
940 1327 959 1368 a
975 1297 1111 1367 ludaeis
1128 1321 1253 1372 vexato

212 1451 249 1502 et
258 1432 302 1502 ob
315 1428 514 1525 apostasiam
527 1419 630 1506 alege
643 1419 793 1488 Mosaica
811 1433 971 1483 accusato·
984 1429 1019 1484 et
1034 1437 1121 1482 nova
1136 1439 1250 1506 quae-

211 1537 296 1616 dant¹
316 1562 351 1610 et
369 1537 529 1626 religioni
554 1532 760 1604 ludaeorum
785 1529 924 1598 adversa
943 1528 1090 1598 docente
1115 1528 1254 1598 locum

212 1679 276 1730 est.
331 1658 443 1744 Igitur
474 1654 544 1720 siue
578 1641 831 1734 cognoscendae
859 1642 1049 1711 accuratius
1077 1643 1256 1732 religionis

209 1775 373 1848 Iudaicae
394 1765 560 1859 cupidus,
587 1763 657 1829 sive
679 1758 911 1826 adversarium
932 1756 1104 1844 religionis
1122 1759 1249 1828 ludai-

215 1907 440 1975 caecumque
462 1880 639 1947 doctorem
660 1872 841 1947 Judaicum
858 1897 878 1938 a
897 1869 1036 1942 ludaeis
1060 1885 1250 1946 accusatum

214 2023 252 2073 et
260 2002 455 2070 eruditione
470 2013 505 2062 et
517 1988 716 2092 eloquentia
724 1985 894 2072 insignem
902 1985 1077 2055 auditurus
1089 1987 1246 2073 ,Paulum

210 2119 386 2206 captivum
407 2109 504 2178 adiit.

260 2234 304 2300 D.
334 2229 451 2318 Atque
471 2246 511 2288 eo
530 2215 653 2306 majori
673 2211 845 2282 desiderio
863 2212 959 2281 Pauli
979 2212 1123 2282 videndi
1145 2231 1178 2282 et
1192 2239 1259 2286 co·

214 2340 403 2438 gnoscendi
426 2336 570 2404 ductum
601 2356 672 2398 esse
701 2329 869 2398 Senecam
896 2329 1105 2398 contendere
1128 2354 1258 2418 possu-

214 2485 312 2542 mus,
336 2477 407 2548 quo
424 2447 639 2522 verisimilius
660 2459 735 2522 est,
756 2469 839 2511 eum
847 2445 933 2535 jam
950 2458 1059 2512 antea
1080 2445 1124 2512 de
1137 2445 1259 2520 Paulo

216 2561 405 2664 tamquam
435 2567 581 2633 doctore
610 2561 766 2629 Iudaico
787 2583 966 2648 perquam
997 2551 1162 2637 erudito,
1191 2561 1262 2631 aed

157 2671 161 2680 ⁴
215 2687 371 2760 Iudaeis
393 2683 526 2758 inviso,
547 2675 719 2746 nonnulla
741 2675 937 2740 audivisse.

260 2807 430 2872 Narratur
456 2794 549 2858 enim
579 2791 700 2858 Actor.
723 2787 863 2864 XVIII,
886 2808 950 2870 12,
981 2783 1149 2864 Paulum,
1179 2811 1260 2855 cum

215 2911 428 3000 euangelium
445 2903 651 2997 praedicans
674 2895 834 2967 Corinthi
853 2915 1139 2980 commoraretur,
1162 2927 1180 2966 a
1197 2903 1258 2966 Ju-

217 3031 311 3099 dacis
335 3026 379 3094 ob
403 3046 477 3092 eam
499 3043 574 3087 rem
595 3014 646 3082 illi
673 3013 817 3082 infensis
849 3012 893 3080 ad
922 3011 1075 3084 tribunal
1091 3011 1259 3081 Gallionis

215 3137 433 3238 proconsulis
458 3131 611 3218 Achaiae
635 3146 775 3218 raptum
803 3152 895 3206 esse,
924 3144 964 3192 ut
983 3144 1129 3214 propter
1146 3125 1259 3194 viola·

219 3279 289 3328 tam
307 3253 438 3346 patriae
460 3243 632 3334 religionis
654 3243 868 3310 sanctitatem
889 3242 987 3329 justis
1005 3239 1123 3328 poenis
1140 3239 1257 3306 affice·

218 3391 317 3446 retur
329 3399 340 3456 3
366 3365 426 3434 sed
439 3391 457 3430 a
470 3361 648 3442 Gallione,
672 3357 858 3443 objurgatis
871 3353 1144 3434 accusatoribus,
1162 3349 1258 3447 quod

218 3512 294 3556 rem
314 3500 349 3550 et
376 3481 608 3571 quaestionem
628 3472 671 3538 de
694 3473 881 3556 religione,
911 3471 1007 3554 cujus
1031 3465 1161 3562 arbiter
1183 3487 1256 3537 nott

217 3600 327 3694 possit
345 3618 437 3676 ease,
460 3591 503 3656 ad
515 3591 628 3679 ipsum
641 3583 865 3668 detulissent,
886 3583 1062 3674 impunem
1079 3579 1256 3668 dimissum

218 3735 303 3782 esse.
345 3709 410 3776 Hic
430 3727 512 3772 vero
531 3702 644 3776 Gallio
661 3700 727 3768 fuit
751 3700 857 3768 frater
884 3697 1054 3776 Senecae,
1077 3710 1175 3760 autea
1194 3691 1255 3759 di·

221 3845 296 3900 ctus
318 3824 455 3890 Marcus
482 3797 641 3884 Annaeus
664 3816 814 3897 Seneca,
845 3809 973 3878 deiude
995 3831 1095 3885 vero,
1120 3833 1138 3874 a
1162 3805 1255 3874 Gal-

214 3941 307 4014 lione
328 3932 466 4002 rhetore
490 3929 692 4022 adoptatus,
726 3929 848 4003 ,Iunius
869 3927 1030 3992 Annaeus
1052 3919 1165 3990 Gallio
1185 3941 1256 3998 vo-

215 4071 308 4120 catus
329 4065 401 4130 est,
422 4045 536 4128 idem,
560 4045 725 4133 adquam
746 4044 876 4110 Seneca
902 4040 1009 4107 libros
1029 4033 1073 4102 de
1088 4033 1143 4098 Ira
1160 4034 1253 4099 scri·

142 4173 147 4180 '
211 4167 299 4262 psit,
316 4163 473 4234 'Senecae
486 4159 718 4236 amicissimus.
744 4155 817 4230 Gsr.
833 4158 949 4229 Tacit.
964 4146 1172 4231 Acasti,
1191 4171 1251 4234 ¹7⁸
