2858 4784
488 371 817 469 itast·

176 562 284 642 dest,
300 537 475 626 ‚habeatur
497 555 561 646 <tt
578 556 608 644 )·'
647 555 800 626 Multum
821 555 950 626 Seneca
969 554 1072 624 'ctiam
1093 555 1140 625 ds
1162 557 1236 628 dic'

176 675 299 743 mortis
311 692 472 762 tanquam
485 669 540 737 die
551 669 742 738 decretorio
752 670 921 764 loquitor.
940 670 1051 760 Epist·
1061 672 1117 741 262
1133 701 1150 744 s
1167 673 1221 742 Its

175 813 256 870 mc,
278 791 414 879 inquit,
437 783 581 850 observo
602 802 636 853 et
653 785 832 878 alioqum,
852 786 947 875 ¹velut
961 785 1219 878 appropinquet

173 902 450 994 experimentum
469 916 503 966 et
523 897 579 964 iile
593 903 736 967 loturus
754 895 973 968 sententiam
991 899 1035 966 dc
1058 901 1218 969 omnibus

175 1015 279 1081 annis
303 1015 395 1082 meis
415 1016 492 1081 dies
519 1013 664 1083 venerit.
693 1048 737 1066 ·-·
765 1017 913 1082 Remove
933 1013 1243 1084 existimationem·

173 1129 352 1197 hominum
365 1145 377 1216 3
402 1128 505 1194 dubia
528 1149 663 1218 semper
682 1144 734 1195 est
756 1146 790 1196 st
811 1129 849 1195 in
872 1147 1008 1220 partem
1031 1147 1214 1223 utramque

172 1237 353 1312 dividitor.
366 1279 409 1294 ·-
422 1244 525 1312 Mors·
537 1243 581 1310 dc
602 1260 636 1310 ts
657 1245 923 1334 pronuntiatura
941 1259 1004 1312 est.
1028 1244 1130 1336 Quid
1139 1267 1214 1334 agc-

168 1357 242 1442 ris,
265 1374 348 1424 tunc
362 1357 572 1448 opparebit,
596 1381 702 1448 quum
723 1360 870 1426 animam
889 1383 976 1446 ages.
998 1395 1043 1412 -
1066 1359 1212 1452 Accipio

171 1471 430 1550 conditionem,
452 1496 522 1540 non
542 1471 732 1539 reformido
752 1471 967 1558 judicium.’'
1009 1474 1125 1542 Multo
1143 1475 1214 1544 cvi·

172 1585 325 1654 dentius·
337 1585 380 1652 dc
402 1603 510 1653 morte
525 1603 690 1676 tanquam
714 1584 909 1652 decretorio
927 1583 1003 1670 dis,
1022 1604 1058 1656 ot
1074 1587 1117 1654 ad
1140 1586 1212 1657 do·
1268 1607 1274 1617 ’

173 1717 288 1787 gmats
297 1698 479 1786 Religionis
492 1699 706 1768 Christianae
717 1698 1075 1784 accommodatissime,
1087 1701 1212 1776 scribit

170 1815 210 1880 in
229 1813 340 1906 Epist.
363 1825 448 1882 ross
478 1816 603 1887 «Cum
625 1815 757 1883 venerit
777 1811 834 1878 illc
862 1812 955 1896 dios,
986 1815 1048 1904 qui
1068 1814 1211 1884 mixtum

167 1925 238 1993 hoc
260 1926 369 2020 divini
391 1927 602 2017 humanique
622 1944 797 2012 secernat,
821 1949 945 2019 corpus
965 1927 1048 2012 hoc,
1070 1929 1133 1996 ubi
1147 1934 1233 1996 in·.

68 2077 70 2080 ·
145 2041 268 2124 ¹veni,
291 2037 506 2130 relinquamt
534 2043 607 2132 ipsc
628 2067 682 2111 mc
703 2043 775 2108 Diis
794 2037 951 2108 reddam.
983 2073 1029 2094 ···
1057 2042 1125 2110 Per
1148 2045 1207 2128 has

166 2151 319 2222 mortalis
335 2155 408 2221 aevi
425 2179 536 2222 mosas
555 2154 607 2221 ilii
620 2155 754 2222 meliori
772 2155 861 2221 vitas
882 2153 1098 2248 longiorique
1113 2179 1204 2248 pro-

163 2267 310 2334 luditur.
361 2267 663 2360 Quemadmodum
682 2291 805 2338 novem
826 2267 1002 2354 mensibus
1028 2293 1090 2336 nos
1111 2286 1208 2342 tonet

166 2399 344 2450 maternus
363 2398 499 2462 uterus,
519 2401 554 2452 et
572 2393 754 2477 praeparat
764 2403 836 2448 nou
855 2381 945 2464 sibi,
968 2380 1029 2451 ted
1044 2379 1201 2462 illilooo,
1260 2400 1262 2404 ·

165 2498 205 2565 in
227 2523 331 2588 quem
349 2497 508 2566 videmus
531 2497 663 2580 emittis
697 2533 742 2548 -
773 2496 822 2562 sic
851 2517 915 2582 per
942 2495 1008 2563 hoc
1033 2479 1225 2587 spatiosus

168 2611 262 2704 quod
279 2613 323 2678 ab
344 2609 492 2677 infantia
514 2624 610 2699 patet
630 2612 668 2674 in
686 2622 919 2692 senectutem,
940 2609 978 2674 in
1000 2607 1102 2678 alium
1123 2634 1201 2683 ma·

173 2725 367 2814 tuescimus
391 2739 541 2814 partum.
595 2723 675 2791 Alta
696 2723 791 2810 origo
813 2745 875 2791 nos
905 2739 1086 2811 expectat,
1116 2724 1203 2794 alius

164 2862 280 2906 rernm
299 2839 417 2905 st'a'tos.
470 2837 634 2904 Nondum
664 2835 817 2915 coslum,
854 2839 920 2904 nisi
949 2859 990 2904 cx
1021 2837 1224 2908 intervallo·

162 2953 233 3045 p'ati
251 2975 435 3048 possumus.
453 2977 459 2984 ·
477 2950 627 3018 Proinde
647 2949 841 3040 intrepidos
861 2951 1109 3020 doram'illcm
1131 2954 1214 3020 sle-¹

134 3093 136 3098 ’
161 3069 355 3137 cretoricm
378 3066 562 3156 (κριτικὴν)
578 3067 764 3159 prospices
789 3087 860 3132 non
881 3067 1055 3133 estanimo
1072 3089 1214 3159 supro-t

160 3206 235 3265 ma,
268 3177 329 3248 ssd
352 3163 503 3268 corpori.
560 3178 740 3270 Quicquid
765 3179 856 3245 circa
877 3193 909 3244 ts
937 3179 1029 3263 jacet
1056 3201 1196 3259 rerum,

163 3294 548 3388 tamqusm'dospitolis
582 3293 650 3360 Ioci
684 3293 851 3362 sarcinas
877 3281 1019 3384 iim)
1053 3309 1209 3383 spectra

165 3407 407 3497 transcundum
426 3426 489 3479 est.
535 3407 675 3476 Excutit
701 3409 909 3478 redeuntem
930 3424 1078 3491 natura,
1108 3407 1198 3478 sicot

173 3605 371 3624 m

192 3728 261 3802 (ot)
282 3729 341 3800 ipss
357 3727 551 3810 Scholaius
566 3731 617 3792 lit:
630 3731 702 3790 laod.
720 3748 745 3802 p.
756 3731 799 3802 95.
815 3729 965 3802 contendit,
983 3730 1130 3806 inepiscola
1146 3750 1196 3793 co-

159 3829 206 3876 stra
222 3835 274 3871 non
286 3835 431 3874 sermonem
448 3837 503 3874 esse
517 3820 549 3874 de
563 3819 753 3888 resurrectione
766 3835 902 3888 corporum
915 3819 978 3874 olim
997 3817 1087 3874 sutura
1104 3831 1132 3874 et
1151 3820 1196 3887 io-

158 3904 217 3958 disio
235 3915 350 3959 exmcmo
366 3893 636 3969 hane‘subsacaturo,
653 3919 680 3961 st
695 3905 844 3976 nosocomo
859 3909 974 3960 δικαίαν
983 3907 1011 3960 in
1025 3905 1104 3961 coelis
1119 3921 1194 3960 com-

157 3991 276 4047 morantia
293 3993 421 4064 cogitari,
437 3993 546 4064 ideoque
561 4005 673 4048 morte·
689 3992 802 4062 scicntia
813 3993 1193 4066 unquamdccrctorioudicn

156 4079 216 4148 poni.
250 4079 412 4136 diuinos}
428 4081 461 4136 td
478 4081 509 4140 h.
522 4081 541 4138 l.
559 4098 631 4135 socae
647 4077 792 4138 mundas
808 4079 983 4155 andragatus..
1180 4079 1181 4084 '
