2866 4780
632 171 650 208 ,ἱ

608 424 772 513 (⁴1)

169 611 494 702 corpns'iatigatum
520 607 725 690 reclinavit,
751 604 884 676 volneri
913 605 1083 676 incumbit
1108 623 1143 676 et
1165 609 1205 680 in

169 741 374 820 perpetuam
401 722 545 809 vigiliam
565 743 728 810 suspensa
750 737 831 786 sunt
861 718 1021 791 lumioa'l
1066 721 1208 810 Quanto,

166 838 250 934 plns.
277 838 464 917 tormenti,
498 851 590 900 tanto
622 833 698 925 plus
728 836 793 903 erit
821 837 959 920 gloriae.
1002 835 1062 912 Vis
1094 835 1214 930 scire,

168 976 274 1040 qnam
301 974 371 1016 non
394 947 564 1036 poeniteat
586 949 651 1013 boo
673 950 786 1034 pretio
805 947 994 1012 aestimasse
1017 947 1205 1020 virtutem?

165 1034 288 1132 Refice
314 1079 350 1128 tu
379 1061 474 1125 illum
504 1076 538 1126 ct
570 1061 664 1125 mitte
690 1065 728 1128 in
751 1076 929 1144 senatum
955 1057 1099 1126 eandem
1121 1081 1204 1126 sen-

168 1175 310 1241 tentiam
338 1173 440 1240 dicet.
466 1207 505 1224 -
528 1173 708 1240 Maecenas
740 1171 821 1239 licet
850 1171 944 1238 mille
972 1171 1205 1261 voluptatibus

164 1302 312 1354 mentem
336 1285 468 1352 anxiam
486 1284 600 1352 fallatr
627 1305 693 1354 tam
713 1281 864 1369 vigilabit
882 1284 920 1347 in
938 1281 1076 1373 pluma,
1100 1297 1204 1371 quam

160 1397 222 1464 ille
244 1400 281 1463 in
309 1421 420 1466 cruce.
444 1437 488 1451 -
512 1397 603 1466 Male
632 1415 812 1466 tractatum
843 1397 1018 1462 Socratem
1045 1393 1202 1480 judicas,

164 1511 260 1599 quod
276 1508 369 1574 illam
388 1512 562 1601 potionem
576 1511 714 1604 publice
736 1515 876 1576 mixtam
897 1528 964 1574 oon
981 1507 1079 1574 aliter
1096 1529 1201 1593 quam

164 1621 453 1693 medicamentum
482 1622 743 1688 immortalitatis
764 1618 929 1698 obduxit,
956 1620 1060 1688 etde
1089 1640 1203 1690 morte

167 1733 357 1826 disputavit
375 1756 483 1822 usqne
504 1731 699 1821 adipeam?
743 1732 848 1823 Quod
868 1731 912 1800 ad
926 1731 1090 1799 Catonem
1109 1759 1198 1828 per.

164 1845 458 1942 tinet,¹snmmam
485 1843 536 1909 illi
564 1845 761 1910 felicitatem
791 1845 989 1928 contigisse,
1013 1869 1197 1916 consensus

159 1957 338 2028 hominum
352 1954 538 2036 fatebitur,
561 1978 664 2044 quem
681 1955 748 2019 sihi
766 1978 883 2020 rerum
902 1969 1022 2022 natura
1047 1955 1195 2046 delegit,

158 2094 237 2141 cum
262 2092 332 2161 qno
355 2068 539 2134 metuenda
569 2065 787 2135 collideret.'’

201 2187 415 2266 Discrimen,
440 2179 533 2273 quod
561 2182 654 2245 inter
679 2181 769 2246 hane
794 2181 1033 2247 tractationem
1056 2183 1192 2252 utriusq
1270 2190 1280 2204 ”

160 2321 230 2388 que
255 2293 362 2361 libelli
391 2310 505 2375 extat,
531 2295 568 2358 in
592 2317 631 2358 eo
655 2309 725 2374 est,
753 2291 854 2384 ‘qnod
883 2310 1002 2360 auctor
1031 2295 1193 2388 epistolae

157 2411 200 2478 ad
230 2409 422 2490 Hebraeos,
447 2407 576 2498 qnippe
600 2406 814 2472 Christianus
832 2427 874 2468 ex
892 2405 1029 2472 ludaeis
1045 2408 1191 2495 loquens

156 2525 200 2593 ad
220 2522 432 2590 Christianos
451 2543 491 2584 ex
510 2519 667 2598 ludaeis,
685 2517 729 2582 ad
747 2516 954 2602 exemplaex
973 2519 1112 2585 historia
1122 2521 1143 2586 J
1146 2546 1189 2586 ne

155 2635 252 2700 dalea
271 2650 307 2699 et
331 2631 492 2719 inprimis
521 2631 565 2694 ad
589 2628 785 2718 exemplum
807 2629 936 2696 Christi
955 2631 1101 2696 auctoris
1125 2656 1189 2700 re·

153 2744 289 2831 ligionis
311 2742 525 2807 Christianae
546 2758 728 2831 provocat,
754 2741 883 2808 Seneca
899 2767 980 2810 vero
1003 2743 1046 2809 ad
1064 2767 1187 2814 exem·-

153 2856 213 2948 pla
233 2881 274 2925 ex
293 2854 437 2946 historia
460 2855 630 2928 Romana,
662 2857 805 2921 maxime
828 2856 872 2920 ad
893 2857 1088 2945 exemplum
1112 2860 1188 2928 Ca·

152 2972 267 3047 tonis.
292 2989 393 3060 quem
408 2966 582 3053 tamquam
600 2967 884 3036 absolutissimum
896 2970 1091 3058 exemplum
1108 2977 1185 3043 vir·

150 3085 230 3178 tutis
253 3100 288 3150 et
310 3081 523 3150 constantiae.
545 3081 711 3173 proponit
729 3082 766 3146 in
789 3081 854 3147 hoc
875 3079 1013 3168 libello,
1043 3104 1078 3154 et
1098 3108 1183 3180 par.

149 3197 210 3262 aim
226 3197 264 3262 io
286 3194 378 3276 aliis,
398 3193 497 3286 sicnti
519 3191 690 3282 apostolus
715 3192 905 3262 Christum.
951 3201 1036 3266 Cato
1050 3219 1121 3283 est,
1143 3219 1183 3270 ut

147 3312 192 3400 ita
218 3307 348 3390 dicam,
372 3309 522 3376 Senecae
539 3307 695 3376 Christus
717 3311 795 3396 (2).

192 3421 224 3488 h.
254 3420 362 3485 Porro
383 3436 501 3486 auctor
518 3420 680 3506 epistolae
696 3443 771 3486 rem
787 3444 883 3489 suam
898 3441 1046 3494 tractans
1064 3429 1181 3499 multa

152 3535 259 3627 locoe
277 3533 380 3600 libris
394 3534 512 3599 sooria
534 3531 581 3601 V.
601 3533 645 3598 Τ.
660 3538 777 3620 citat,
795 3535 925 3628 iisque,
947 3563 1033 3630 qnae
1055 3541 1180 3632 docet,

177 3866 220 3937 (2)
236 3866 277 3928 Ile
293 3866 396 3922 Prosit.
414 3887 473 3928 ca.
491 3873 529 3930 ita
543 3873 821 3948 deCatoneloqnitnr
836 3875 947 3935 Senem
983 3879 1067 3936 »Non
1083 3880 1202 3956 video„
1290 3921 1291 3926 κ

143 3957 230 4031 'tull
248 3956 344 4012 ΜΒΝ
364 3957 392 4023 ln
409 3960 487 4014 terris
501 3961 606 4033 Jupiter
624 3962 772 4034 pulchrius.
789 3966 813 4020 ti
836 3977 986 4034 matertere
1002 3968 1116 4026 animun
1131 3988 1179 4028 se-

143 4043 217 4116 rlit,
236 4064 313 4117 qnam
332 4057 363 4102 nt
379 4058 479 4122 spectet
496 4049 649 4118 Crtonemss'
