2858 4784
599 360 776 450 (157)

131 547 186 614 ab
216 546 346 614 altere
368 543 534 614 nonnulla
553 541 724 610 mutuatur
741 544 797 610 ait.
834 543 906 610 Hoc
932 566 1037 624 vero,
1057 571 1124 635 pre
1149 569 1214 619 ex.-

133 659 375 750 emplarium
390 656 702 751 manuscriptorum
721 657 858 726 raritate
880 676 914 724 et
935 663 1079 728 maxime
1094 686 1214 732 recena

133 791 383 844 exaratorum
393 770 581 862 librorum,
604 769 885 860 cujusmodi'tum
901 775 1063 866 temporis
1083 778 1215 868 scripta

136 886 317 957 Senecae
341 903 377 956 ct
399 883 497 954 Pauli
524 899 644 970 erant,
676 885 773 958 millo
800 885 866 954 alic
884 886 962 956 loco
984 892 1213 980 opportunius

136 1001 232 1072 fieri
256 1002 379 1094 potnit
400 1025 503 1095 quam
517 1003 666 1087 Romae,
689 1002 751 1067 ubi
772 1005 901 1069 Seneca
920 1002 1133 1096 demicilium
1153 1006 1214 1072 ha·

136 1116 247 1184 huit.
301 1119 376 1185 Jam
396 1139 439 1182 ex
460 1113 632 1182 historicis
658 1117 888 1203 argumentis,
912 1141 999 1207 quae
1019 1113 1110 1186 infra
1131 1145 1214 1212 prc-

135 1218 344 1316 fereutur‚
366 1229 483 1300 doceri
494 1245 629 1322 potest,
651 1231 795 1298 Paulum
808 1229 928 1299 saltem
946 1255 1010 1322 per
1028 1233 1211 1303 biennium

137 1369 188 1414 eo
220 1363 387 1437 tempore
413 1350 541 1414 Romae
568 1364 814 1415 commoratum
839 1369 931 1424 ense,
965 1349 1036 1436 quc
1051 1344 1211 1439 plerique

138 1459 243 1527 libri
266 1463 419 1530 Senecae
436 1458 489 1529 rel
507 1455 713 1554 jam-scripti
731 1476 864 1544 essent,
877 1460 931 1528 vel
952 1441 1208 1544 scriberentur,

141 1581 273 1666 eoque
295 1573 367 1641 fere
392 1573 546 1665 tempore
566 1576 731 1665 scriptam
751 1597 823 1640 esse
851 1573 895 1640 ad
925 1575 1100 1641 Hebraeos
1123 1579 1209 1663 epi·'

145 1686 298 1774 stolam.
343 1691 431 1758 Cum
447 1712 529 1756 vero
552 1687 596 1756 de
613 1687 709 1755 nullo
728 1685 794 1754 alio
811 1687 954 1754 doctore
976 1704 1047 1754 tum
1067 1707 1216 1781 tempu·-

143 1805 200 1898 ria
226 1805 510 1872 Christianorum
532 1819 686 1884 constet,
709 1803 769 1891 qni
793 1801 918 1869 Romae
937 1825 1001 1891 per
1025 1795 1204 1873 biennium

146 1920 469 2000 commorantem,
494 1935 529 1986 et
548 1917 719 1983 librorum
740 1915 889 1986 Senecae
907 1914 1131 2000 legendorum
1149 1916 1216 1990 vel.

146 2031 370 2102 desiderium
383 2032 436 2102 rel
450 2032 661 2106 occasionem
678 2029 806 2095 habere
825 2031 998 2118 potuerim
1022 2031 1059 2101 id
1074 2036 1178 2103 etiam
1188 2059 1208 2120 ,·

147 2147 253 2239 quod
280 2147 432 2216 secundo
450 2145 528 2213 loco
546 2145 744 2236 posuimus,
776 2141 869 2212 favae
890 2143 1012 2232 origini
1033 2148 1197 2242 epistolae

146 2270 293 2354 nostrae
315 2260 489 2330 Paulinae.
521 2287 522 2292 ¹

195 2376 260 2447 G.
277 2374 347 2444 Sed
364 2390 418 2443 ree
435 2373 596 2444 redditur
609 2371 825 2466 expeditior,
848 2372 877 2438 si
891 2393 1079 2458 sumamus,
1102 2379 1200 2468 qaod

150 2489 259 2557 tertio
277 2487 353 2555 loco
374 2487 639 2581 perimeret,
660 2490 754 2552 inter
767 2502 939 2553 auctorem
960 2480 1096 2557 nostrie
1114 2494 1196 2586 epi·
1288 2521 1290 2524 ·

151 2601 260 2669 atalae
281 2618 316 2669 et
333 2601 498 2672 Senecam
515 2595 884 2670 eonsuetudinem'vel
891 2600 1199 2702 familiaritatem

153 2717 340 2806 quandam
361 2717 540 2784 extitieee.
593 2712 721 2806 Quod.
755 2715 784 2781 ei
815 2715 1055 2808 probabilibus
1086 2741 1201 2806 argue·

150 2831 278 2896 inentis
300 2828 419 2897 doceri
440 2829 576 2920 potuit,
606 2831 715 2895 instar
737 2833 890 2894 omnium
920 2831 1036 2898 estad
1059 2844 1192 2902 conre-

150 2945 320 3011 nientiam
334 2943 429 3011 inter
447 2943 624 3034 epistolam
642 2941 686 3009 ad
706 2942 876 3009 Hebraeos
894 2961 929 3011 et
942 2947 1075 3039 scripta
1095 2973 1189 3015 non·

149 3057 246 3126 nulla
265 3061 416 3128 Senecae
440 3060 508 3126 rite
535 3054 786 3148 explicandam.
812 3057 904 3126 *Hoc
933 3063 1026 3128 enim
1056 3063 1191 3151 posito,
1276 3119 1281 3125 .,

147 3172 391 3262 intelligimus,
422 3186 491 3268 qua
511 3173 568 3243 via
590 3173 739 3240 Senecae
763 3172 891 3262 scripta
913 3172 1045 3238 auctori
1072 3189 1191 3240 nostro

149 3280 364 3356 innotescere
383 3289 585 3380 potuerint,
610 3289 672 3376 qni
702 3285 911 3368 iactumsit,
934 3303 1060 3354 utnon
1086 3287 1191 3354 mode

151 3402 259 3471 Stoici
282 3403 369 3494 qnid
386 3405 423 3471 in
444 3403 590 3496 epistola
604 3400 647 3468 ad
664 3403 833 3468 Hebraeos
846 3393 861 3480 ,’
880 3399 940 3466 aed
957 3399 1057 3467 etiam
1076 3400 1184 3466 Chri-

152 3515 252 3582 stiani
273 3517 359 3607 quid
384 3503 420 3584 in
442 3515 618 3584 nonnuliis
643 3517 781 3610 scriptis
811 3516 960 3583 Senecae
981 3514 1184 3606 reperiatur.

148 3630 325 3699 Jam‘rero
347 3647 441 3698 vetus
462 3649 514 3699 est
536 3629 702 3712 traditio,
735 3631 826 3695 inter
851 3628 993 3699 Paulum
1016 3647 1054 3696 ct
1072 3629 1186 3700 Sene·

150 3765 224 3810 cam
244 3743 529 3812 consuetudinem
544 3761 579 3810 et
596 3743 861 3812 familiaritatem
876 3742 1049 3833 quandam
1069 3745 1183 3812 inter-

149 3859 298 3932 cessisse.
318 3907 320 3914 ·
341 3863 392 3930 Dc
420 3857 486 3926 hac
508 3857 695 3963 traditique
721 3852 880 3951 sequenti
901 3859 1012 3948 capite
1034 3858 1183 3933 dicetur.
