2810 4784
559 343 737 461 (ml

101 583 193 631 rum
214 557 341 641 libros,
365 557 425 645 qui
444 557 475 623 ei
497 582 515 622 a
535 555 667 624 Seneca
683 553 1005 644 suppeditabantur,
1029 543 1153 645 perluss

105 674 281 752 strando,
304 670 569 739 familiaritatem
591 669 762 760 quandam
787 692 863 744 cum
883 668 1074 738 Stoicorum
1096 673 1159 741 do·

112 792 236 858 ctrina
258 783 436 856 contraxit.

159 904 252 971 Istae
271 899 363 967 enim
377 919 475 966 voces
494 911 530 963 ct
546 899 734 964 sentcntiae
748 895 795 963 'ad
813 897 983 964 Hebraeos
1001 897 1163 986 epistolae

112 1016 334 1109 peculiares,
348 1033 521 1112 magnares
540 1028 658 1103 parte,
680 1026 720 1077 ut
739 1011 778 1088 in
798 1011 908 1105 capito
928 1012 1044 1100 primo
1060 1035 1168 1100 expo·

100 1131 198 1214 aui,
220 1127 414 1198 Stoicorum
432 1123 588 1210 dogmata
603 1125 752 1214 sapiunt.

162 1246 207 1312 In
224 1240 400 1332 prioribus
415 1238 512 1305 Pauli
528 1237 681 1329 epistolis
697 1237 825 1305 Romae
843 1239 982 1329 scriptis
998 1237 1167 1326 ejusmodi

114 1379 219 1429 voces
242 1373 278 1424 et
302 1354 493 1422 sententiae
516 1353 662 1420 rariores
690 1371 793 1435 sunt,
815 1355 896 1442 quia
922 1351 1045 1419 Paulus
1067 1377 1163 1419 non-

116 1473 206 1540 dum
233 1469 418 1538 arctiorem
446 1491 525 1536 oum
550 1469 745 1538 Stoicorum
776 1469 871 1534 scitis
902 1465 1165 1534 familiaritatem

118 1598 358 1660 contraxerat,
373 1596 408 1650 ct
421 1583 502 1672 quia
517 1578 679 1669 epistolae
688 1577 766 1646 illae
783 1578 955 1646 breviores
971 1596 1069 1646 sunt:
1084 1581 1165 1670 epi-

120 1697 210 1766 stola
228 1696 272 1762 ad
284 1694 456 1764 Hebraeos
474 1715 554 1760 vero
572 1694 740 1785 prolixior
755 1711 821 1775 cst,
834 1709 870 1759 et
885 1694 1165 1760 tractetiunculao

118 1813 226 1898 magis
249 1834 354 1900 quam
375 1806 542 1896 epistolae
560 1808 703 1875 formam
723 1829 807 1896 prae
825 1831 861 1872 se
881 1806 958 1873 lert.

122 1953 124 1960 ·
161 1925 294 2011 Negare
316 1939 429 1988 tamen
452 1919 581 2006 nolim,
605 1920 658 1989 vel
681 1921 720 1986 in
739 1901 890 2012 epistolis
914 1936 993 1988 ante
1014 1920 1163 2010 captivi·

121 2056 230 2106 tatem
253 2035 349 2103 Pauli
370 2037 558 2102 Romanam
586 2034 743 2126 scriptis,
771 2057 802 2099 e.
826 2059 855 2120 g.
886 2033 924 2098 in
947 2035 1101 2125 Epistola
1119 2033 1165 2120 ad

123 2146 512 2238 RomanosetEpistolia
521 2145 565 2212 ad
577 2147 777 2214 Corinthios
787 2148 955 2216 nonnulla
966 2153 1166 2228 occurrere,

123 2289 210 2359 quae
227 2264 271 2333 ad
288 2263 482 2332 Stoicorum
498 2260 626 2349 placita
645 2261 768 2329 referri
787 2263 940 2354 possint,
965 2264 1164 2348 Rom0Vll,
1266 2292 1268 2303 ¹

76 2362 92 2370 ”
121 2383 277 2469 17-2s;
300 2377 580 2466 Vlll,19'-22;
604 2373 1166 2459 x1,ss-sscu.1averoun-
1280 2383 1283 2394 ’

121 2558 332 2580 Μ

120 2661 200 2731 geben
211 2679 331 2732 murrea,
348 2681 419 2716 aean
429 2678 489 2716 man
502 2660 577 2716 nicht
588 2659 732 2714 anaebmen
748 2660 818 2730 sill,
834 2661 890 2716 sein
900 2679 990 2732 gauses
1004 2661 1105 2731 Syrtem
1118 2681 1164 2736 rap

123 2748 170 2802 aul
179 2748 253 2801 einen
264 2747 358 2820 Scblag
374 2750 451 2818 sertig
466 2747 598 2818 geworden
612 2749 664 2800 und
675 2753 762 2818 opiter
774 2749 835 2802 lein
846 2749 877 2802 lo
883 2763 908 2802 ta
923 2750 1005 2804 seder
1016 2749 1081 2806 decu
1097 2751 1163 2804 norb

120 2833 373 2903 darongelsommen.
389 2835 582 2904 Doebdagegen
593 2833 730 2898 aindteiue
741 2839 828 2904 eigene
846 2838 978 2892 Schriften
993 2837 1040 2892 dae
1052 2838 1165 2894 leubaste

123 2921 255 2990 Zeagnirr.
264 2923 349 2978 Sebea
359 2926 415 2990 wir,
424 2924 471 2980 uie
479 2923 550 2978 seiae
560 2923 694 2978 l'riiheaten
702 2923 806 2987 Briese,
815 2923 857 2977 die
866 2943 898 2978 aa
906 2924 1165 2996 die'lhersaloniler‚

123 3007 188 3061 norb
205 3008 258 3062 roll
271 3011 329 3066 sind
344 3029 394 3066 ron
407 3012 453 3064 der
466 3005 595 3078 llollaung
605 3011 652 3063 aas
666 3010 708 3062 die
720 3010 819 3079 baldige
834 3013 1163 3082 WiederlrumstChrist15

122 3095 167 3147 rie
179 3093 249 3150 diere
264 3095 320 3150 rich
334 3095 518 3150 stuclenreiae
533 3097 656 3152 verlieret
670 3096 709 3150 bis
723 3098 750 3149 in
767 3099 816 3151 dea
827 3091 933 3174 lirielen
944 3118 975 3152 aa
988 3099 1030 3152 dic
1046 3100 1164 3155 Colossrr
1231 3125 1232 3128 ¹

123 3180 173 3238 uad
189 3179 332 3251 Ephesier,
347 3201 385 3237 vo
399 3185 451 3239 sart
468 3201 515 3253 gar
534 3182 610 3238 keine
632 3183 698 3254 spur
716 3184 792 3238 mehr
807 3202 856 3238 ror
871 3186 915 3239 ibr
933 3205 964 3239 aa
980 3187 1066 3242 boden
1079 3189 1115 3242 ist
1130 3221 1165 3235 .-

16 3279 18 3284 ·
125 3266 174 3320 uri
187 3284 222 3320 uo
241 3268 283 3322 tie
300 3270 491 3326 Universalitiit
506 3271 552 3326 (les
568 3271 779 3328 Christentbums
795 3303 830 3316 -
846 3272 889 3326 die
908 3272 1087 3344 vemichtaag
1100 3277 1164 3332 bia-

123 3370 198 3423 gegen
213 3353 257 3410 des
274 3356 416 3413 Judiscben
432 3359 536 3414 Staates
554 3360 606 3414 und
620 3359 741 3415 Geretaes
760 3360 903 3413 verliladet
923 3360 1000 3416 uird:
1017 3380 1047 3416 so
1069 3364 1163 3418 erlen-

124 3457 171 3493 nen
185 3439 229 3493 wir
245 3443 302 3494 eine
319 3442 450 3498 bertlicbc
465 3446 678 3518 Entwiolrelung”
689 3461 738 3506 eto.
763 3446 836 3503 licm
852 3467 909 3519 pag,
919 3465 984 3518 217:
1020 3471 1038 3505 a
1048 3451 1095 3504 sier
1108 3453 1166 3507 lle-

127 3525 202 3591 brier,
214 3526 293 3581 Rriel
305 3529 406 3586 cnthalt
419 3533 501 3586 sobora
514 3534 558 3587 die
574 3534 666 3590 Krine
682 3555 713 3588 aa
729 3535 776 3589 der
787 3536 913 3601 Arricbt,
932 3535 1031 3592 alienia
1045 3538 1087 3593 die
1107 3561 1165 3596 mo-

126 3613 199 3669 ierne
213 3633 313 3670 neuneu
327 3617 446 3690 liberer,
463 3622 522 3676 dass
533 3622 579 3678 dae
589 3623 676 3678 beben
689 3623 737 3677 auf
751 3621 838 3676 Erdeu
857 3624 900 3676 eiu
916 3623 1166 3694 Verbereituagrau-

127 3701 195 3756 stand
212 3702 260 3755 aul
273 3701 323 3757 dea
339 3703 456 3761 llimmel
471 3716 547 3778 πῖθ’
583 3710 622 3764 lio
635 3713 717 3778 magis
734 3714 831 3780 miror,
847 3712 914 3783 qaod
926 3713 1051 3784 originem
1066 3715 1167 3786 episto-

126 3788 163 3844 lae
177 3801 279 3844 nostrae
295 3791 431 3846 Paulinam
447 3811 537 3867 neget,
553 3818 579 3870 p.
590 3805 617 3854 5.
650 3799 763 3854 Omnino
777 3811 921 3871 optassem,
938 3812 969 3856 ut
982 3813 1072 3856 auctor
1087 3805 1163 3873 bajus

127 3879 336 3946 praestantissimi
355 3879 417 3933 libri
434 3887 578 3940 ostenderit
595 3889 663 3957 tim,
681 3905 758 3957 qoam
780 3888 808 3940 in
829 3888 964 3941 excolende
980 3893 1078 3943 sensim
1095 3891 1166 3945 Pau-

127 3963 175 4106 lipla¹
190 3965 305 4022 doctriua
322 3966 549 4053 philosophemur
557 3975 700 4034 Gentilium
717 3975 872 4048 habuerint,
888 3996 953 4048 quac
970 3979 1084 4050 prolecto
1100 4000 1167 4036 non·

128 4068 143 4104 a
176 4066 254 4113 tert.
