2858 4784
610 357 734 452 ‹.1sr
775 363 793 454 )

345 541 449 623 Culta
468 543 599 614 ludce'o
621 548 765 640 septima
786 567 881 617 sacre
904 549 985 617 Deo.

149 681 195 733 et
220 681 280 734 vs.
301 667 392 738 4ι5ι

208 778 369 868 Quaque
392 774 448 842 die
469 769 617 840 redeunt
638 772 740 842 rebus
760 774 875 843 minus
897 793 977 868 apte
997 773 1155 864 gerendis

265 889 367 958 Culte
388 885 578 956 Palaestino
600 886 743 980 septima
755 885 846 968 ‚too
870 891 970 981 Syre·

157 1001 183 1070 J
193 1000 413 1073 uvenilis
437 1001 560 1088 Satyr·
581 998 652 1081 ΙΙΙ,
675 1004 762 1089 296²

343 1113 387 1180 lu
409 1135 477 1202 qua
502 1127 687 1204 tequcero
710 1114 930 1206 proseucha?

161 1216 309 1298 omnes
333 1225 407 1294 sere
438 1226 625 1316 scriptores
645 1224 792 1294 Romani
812 1226 908 1296 istius
931 1229 1048 1298 aetatis
1069 1231 1222 1306 ludaeos

164 1365 368 1432 corumque
394 1341 521 1408 Romae
547 1337 781 1429 frequentiam
820 1338 978 1430 ritusque
1015 1348 1145 1431 patrios
1183 1345 1222 1410 iu

160 1451 377 1545 proseuchis
394 1452 542 1541 septimo
562 1477 700 1543 quoqne
719 1449 776 1517 die
800 1452 844 1518 ob
863 1453 903 1517 iis
923 1451 1092 1532 celebrari
1108 1457 1224 1531 solitos

165 1581 462 1646 commemorent:
476 1579 512 1630 et
530 1587 738 1654 quamquam
754 1587 875 1632 eorum
886 1564 1084 1652 religionem
1094 1592 1225 1659 super·

163 1679 351 1748 stitionem
374 1677 560 1748 barbaram
582 1678 650 1766 (ὅ)
672 1677 815 1759 vocent,
842 1679 1069 1769 pervicaciam
1094 1707 1223 1776 super-

165 1791 324 1861 stitionis
342 1789 383 1858 iis
407 1791 589 1876 tribuunt,
604 1812 864 1878 nonnunquam
884 1788 985 1873 etiam
999 1791 1151 1864 dicteriis
1166 1822 1224 1866 cos

166 1883 350 1993 carpunt}
374 1906 423 1970 ita
439 1920 552 1970 tamen
571 1899 773 1987 religionem
796 1922 917 1966 eorum
936 1901 1160 1993 describunt,
1184 1927 1224 1977 ut

163 2017 302 2085 Seneca
322 2009 396 2102 ejus
415 2016 606 2100 accuratius
632 2009 888 2100 cognoscendae
915 2015 1131 2086 occasionem
1153 2020 1222 2088 sibi

165 2113 430 2223 suppeditatum
445 2127 612 2196 lubenter
629 2126 783 2213 arripere
800 2139 927 2210 posset.

90 2333 91 2336 Ἴ
213 2245 246 2310 L
257 2265 366 2309 ueau
376 2261 421 2310 us
440 2243 613 2310 Pharsal.
626 2239 679 2324 ΙΙ,
691 2242 753 2330 593
774 2237 842 2304 hoc
857 2235 901 2302 de
914 2238 1122 2311 ludaeorum
1133 2243 1224 2324 reliq

167 2355 274 2444 gione
295 2355 452 2442 judieets
1203 2343 1205 2349 Ι

484 2527 488 2537 ,
539 2505 639 2530 ..-
661 2467 787 2532 Dedita
807 2461 912 2536 sacris

392 2639 397 2648 ,
450 2575 580 2652 Incerti
601 2577 729 2674 Judeea
750 2577 828 2652 Dei.

184 2753 373 2786 ιη’-ιιιίιι-ΙΠ

212 2863 266 2936 (5)
285 2858 478 2932 Ciceropro
492 2861 718 2931 Flaccoesp.28;
736 2861 1003 2926 Quintilianus
1020 2855 1121 2916 initis
1139 2871 1221 2927 Orod.

173 2951 236 3022 1115
255 2949 401 3006 Tacitus
417 2951 496 3008 Hirr.
515 2948 560 3012 ΙΙ,
579 2952 606 3007 t.
649 2948 785 3002 Interdum
804 2949 884 3012 etiam
906 2950 1020 3010 Judacos
1041 2963 1073 3006 ut
1096 2953 1222 3013 ridiculos

171 3051 291 3112 carpunt.
325 3039 497 3093 Horatius
513 3033 760 3090 minusrerisimilia
771 3035 871 3088 Judaeo
881 3039 987 3108 Apellae
998 3074 1007 3100 ,
1029 3051 1059 3093 ut
1072 3059 1150 3111 supra
1165 3062 1221 3098 mo·

171 3127 235 3181 dum
249 3127 353 3181 credulo
362 3169 370 3196 ,
379 3123 506 3180 credenda
514 3111 655 3192 relinquit,
668 3124 764 3192 'Saryr¹
775 3121 828 3190 1,5
842 3123 870 3176 iu
880 3126 946 3194 smeg
963 3123 1099 3182 Persius
1118 3151 1130 3183 s
1145 3149 1222 3184 reen-

171 3217 211 3269 ita
227 3215 334 3269 sabbata
351 3213 477 3284 pallentes
485 3218 504 3246 ”
525 3212 611 3280 ridet,
632 3213 727 3280 Satyr.
739 3213 773 3274 5,
785 3211 845 3272 lius
862 3211 880 3264 J
886 3213 1028 3266 nreusli
1035 3213 1222 3271 colementiam

172 3303 259 3372 porcis
272 3301 400 3357 indultam
415 3313 503 3372 setyrs
513 3299 616 3368 dignam
633 3299 781 3368 existimet,
800 3303 897 3368 Satyr.
907 3299 982 3364 titt,
992 3304 1040 3370 933
1059 3313 1086 3356 et
1096 3303 1162 3372 quod
1173 3323 1221 3374 pro

173 3389 290 3452 mercede
301 3390 387 3444 lutura
398 3379 579 3461 praedicerent
591 3385 625 3440 ,ad
636 3385 793 3450 consulentis
804 3401 907 3448 totum,
925 3389 1023 3456 Satyr.
1033 3386 1088 3456 VI,
1105 3391 1157 3444 545
1165 3409 1222 3464 sqq.

172 3476 385 3532 Plutarchus
401 3477 434 3530 de
455 3469 661 3548 Super-stitione
681 3475 716 3528 iis
727 3473 834 3544 objicit,
853 3473 921 3546 quod
936 3473 1043 3528 iabbato
1057 3473 1219 3547 deridentes,

173 3558 267 3623 otiosi,
277 3559 394 3616 hostibus
408 3563 491 3616 scalas
499 3561 711 3632 admoventibus,
729 3561 912 3631 superstitione
923 3572 1056 3634 tamquam
1067 3547 1219 3642 retiespti‘,
1257 3587 1258 3592 ¹

174 3648 396 3712 secontiouerint.
411 3649 596 3706 Martialis
607 3651 703 3719 passim
722 3651 749 3704 iu
765 3649 996 3722 epigrammatibus
1009 3651 1122 3708 Jndsecs
1139 3656 1223 3712 diete-

173 3734 222 3789 riis
238 3735 347 3790 iniestat
362 3749 417 3792 tum
437 3739 470 3791 ob
484 3739 618 3806 religionis
639 3737 735 3808 placita
755 3741 903 3809 quaedam,
926 3751 982 3796 tum
999 3740 1066 3807 quod
1087 3743 1223 3800 vilissimis

174 3823 351 3876 mercimoniis
368 3843 395 3879 se
413 3825 574 3896 tolerabant,
595 3823 705 3896 ideoque
724 3845 766 3880 eos
788 3844 846 3880 cunr
867 3825 1032 3882 institoribus
1055 3831 1147 3884 mercis
1165 3833 1223 3887 snl.

173 3897 300 3979 pbnrstee
318 3911 456 3980 conjungit.
491 3913 655 3982 Quamquam
678 3929 737 3966 vero
760 3916 899 3984 scriptores
915 3915 1005 3968 Latini
1021 3913 1134 3972 ludaeos
1156 3937 1221 3987 gen·

172 4009 223 4049 tem
243 3997 364 4068 foedam,
382 4005 489 4061 tetrum,
508 4000 638 4052 sordidam
656 3999 812 4070 nominant,
828 4013 918 4055 tamen
939 4000 978 4056 ite
1001 3987 1090 4060 corin
1111 4021 1220 4064 senten*

172 4083 223 4139 titt
239 4085 272 4138 dc
289 4084 345 4140 Deo
362 4084 529 4158 describunt,
546 4100 575 4140 ut
592 4085 667 4142 laude
684 4087 756 4158 digni
776 4092 920 4149 rideantur·
