2810 4784
702 391 717 522 ι’
761 442 827 505 210¹
868 427 884 520 ι

269 619 403 692 sincero
425 644 504 710 erga
529 615 736 708 &vangelium
759 614 795 686 e't
822 614 965 684 Paulum
986 613 1098 684 animo
1122 637 1242 706 qnam
1272 616 1361 694 in-‚

269 739 367 828 genio
391 736 591 830 conspicui,
612 735 698 802 hinc
718 731 960 802 consuetudini
985 737 1063 798 c'um
1085 729 1231 800 Seneca
1258 755 1352 822 pa-

267 857 346 921 rum
363 851 493 922 idonei.
540 848 776 933 Timotheus,
793 871 871 917 cum
889 845 933 914 ob
952 849 1065 914 locum
1083 841 1197 912 Hebr.
1213 843 1350 932 xm,

268 970 325 1038 25.
347 990 419 1034 non
437 967 482 1033 sit
500 981 621 1032 auctor
638 958 801 1053 epistolae
819 981 974 1045 nostrae,
997 959 1055 1027 hic
1075 984 1146 1028 non
1166 959 1212 1026 in
1235 984 1347 1028 cen-

267 1104 343 1146 sum
363 1080 482 1150 venire
502 1091 630 1170 'potest'
664 1079 865 1172 Tychicus‚
894 1075 1096 1160 aTim·IV‚
1114 1096 1177 1162 ιη
1206 1076 1342 1164 Epa-

152 1277 155 1284 ,
260 1193 486 1283 Ρῆνοᾶἰίαε,
508 1191 751 1280 Phil.·11,25;
780 1193 909 1276 Titus,
931 1213 950 1259 2
966 1189 1058 1260 Tim.
1072 1182 1134 1268 IV.
1150 1213 1219 1276 103
1249 1191 1338 1258 Li-

267 1333 354 1391 nus,
377 1305 589 1392 2Tius1v,
614 1330 668 1378 ιι.
700 1303 828 1400 aliique
854 1306 997 1374 suerunt
1020 1303 1162 1396 quidem
1186 1305 1339 1374 Romae

265 1417 432 1510 Paulique
463 1420 592 1510 captivi
620 1421 721 1490 amici
749 1438 785 1490 et
812 1419 1007 1508 adjutorese
1039 1417 1100 1487 sed
1128 1444 1174 1488 ne
1205 1419 1335 1490 ullum

266 1532 410 1626 quidem
430 1531 601 1603 indicium
619 1533 815 1626 reperitur,
837 1556 879 1603 ex
897 1557 966 1628 quo
983 1557 1050 1626 pro
1065 1533 1333 1606 consuetudine

265 1645 381 1740 aliqua
404 1669 483 1716 cunt
505 1647 638 1719 Seneca
659 1641 793 1740 aliquid
814 1649 981 1744 suspicari
999 1651 1182 1739 possimus.

306 1785 340 1852 7.
375 1759 475 1832 Solus
502 1765 626 1834 Lucos
659 1788 702 1833 ex
732 1761 890 1833 omnihus
922 1762 1117 1858 primaevae
1149 1764 1328 1833 ecclesiae

267 1875 485 1946 Christianae
515 1875 715 1948 doctoribus
738 1877 768 1944 is
794 1901 866 1945 esse
895 1875 1052 1963 videtur,
1076 1877 1139 1968 qui
1161 1877 1326 1948 Senecae

264 1992 429 2067 Paulum.
460 2005 630 2085 utsupra
659 1991 838 2060 sumsimus
866 2010 901 2059 et
923 1993 1075 2080 probare
1101 1989 1316 2082 studuimus,

264 2124 517 2194 nonnunquam
536 2104 663 2173 visenti
682 2104 898 2172 innotescere
919 2122 955 2172 et
972 2104 1095 2192 dignus
1115 2103 1218 2173 videti
1233 2129 1309 2194 po-

266 2211 357 2300 tuit,
381 2237 460 2286 cum
488 2238 558 2307 qno
586 2213 873 2286 consuetudinem
899 2217 1050 2310 aliquam
1076 2219 1192 2288 aleret·
1229 2219 1319 2288 Fuit

263 2331 359 2401 enim
396 2332 495 2400 Pauli
529 2331 658 2423 captivi
696 2331 851 2400 assiduus
891 2354 1027 2418 comes,
1063 2352 1100 2402 et
1135 2327 1309 2402 interdum

262 2447 389 2520 unicus
415 2444 540 2520 aTim.
564 2444 637 2528 lv.
667 2471 730 2528 ιι,
763 2445 969 2516 Antiochiae
995 2467 1095 2518 natus
1121 2467 1155 2518 et
1178 2447 1305 2520 educa·

263 2586 342 2648 tus,
357 2623 360 2630 .
375 2585 411 2638 et
442 2565 645 2640 literarum,
669 2583 756 2655 quae
785 2561 824 2628 in
854 2563 966 2652 patria
997 2561 1085 2632 urbe
1114 2559 1311 2652 florebant,

261 2706 333 2750 non
359 2700 506 2772 expers,
532 2676 728 2746 eruditione
748 2675 895 2767 quadam
929 2675 1153 2771 conspicuus,
1178 2678 1309 2772 quippe

263 2793 417 2866 medicus
442 2793 533 2880 (22)
566 2785 641 2858 Col.
664 2790 733 2874 lv,
757 2791 816 2874 14,
847 2789 966 2875 (nulla
992 2794 1086 2861 enim
1108 2791 1205 2862 adest
1227 2793 1307 2864 ido·
1383 2871 1384 2874 Ἴ

261 2931 330 2978 nea
350 2929 471 2984 causa,
507 2925 570 2969 cur
591 2901 721 2972 Lucam
749 2903 816 2970 hoc
847 2903 924 2972 loco
955 2928 1252 2978 commemoratum
1278 2927 1309 2978 ct
1383 2883 1384 2958 l

261 3026 394 3124 Lucam
413 3013 665 3108 Evangelistam
692 3013 840 3087 eundem
870 3044 941 3089 esse
969 3023 1179 3110 negemus);
1200 3049 1304 3120 prae-

263 3155 359 3206 terea
388 3131 591 3203 dexteritate
619 3129 659 3198 in
690 3130 843 3202 dicendo
870 3151 906 3202 et
938 3135 1125 3206 scribendo
1151 3134 1306 3228 pollens,
1382 3169 1383 3180 ι

261 3251 359 3350 quod
377 3253 450 3339 ejus
470 3243 694 3338 Evangelium
719 3263 754 3314 et
775 3247 863 3316 Acta
887 3263 1133 3320 contestantur.
1178 3251 1307 3318 Occur-

259 3382 346 3435 runt
370 3367 474 3434 etiam
498 3366 536 3432 in
569 3363 643 3450 ejus
672 3359 810 3452 scriptis
837 3362 1030 3450 nonnulla,
1061 3390 1150 3457 qnae
1175 3357 1305 3436 Stoicae
1381 3399 1382 3414 ι

259 3457 502 3572 pitilcsophiae
536 3476 696 3566 dogmata
722 3473 776 3546 vel
813 3471 963 3547 Senecae
992 3479 1123 3570 scripta
1146 3475 1306 3548 delibasse
1381 3527 1382 3548 ι

262 3619 341 3664 eum
369 3591 528 3660 indicare
554 3586 741 3692 videntum,
783 3588 825 3658 E.
843 3616 880 3678 g.
913 3591 1000 3661 Luc·
1025 3589 1136 3674 XVI,
1162 3589 1221 3678 ti,
1243 3603 1303 3679 ιι,

262 3709 326 3776 ubi
347 3708 470 3777 verbus
515 3706 626 3794 Eitis
642 3708 675 3779 ἔν
696 3707 741 3795 τῷ
759 3708 854 3794 ἀδίκῳ
877 3719 1015 3798 μαμωνᾷ
1034 3713 1138 3782 πιστοὶ
1156 3717 1207 3783 οὐκ
1226 3713 1300 3794 ἐγέ-

272 3911 473 3938 Μ

293 4022 365 4093 (³2)
390 4019 495 4076 Sifflwss
518 4025 707 4098 metaphrastes
728 4029 809 4082 Immo
832 4025 952 4099 perhibet
971 4029 1088 4099 Lucan,
1110 4039 1240 4102 antequem
1254 4034 1299 4085 cal
1326 4029 1330 4039 ‘

155 4115 156 4118 ’
257 4119 314 4166 atta
337 4108 548 4166 Chretianurun
572 4118 740 4187 aquaram,
757 4114 823 4172 artis
841 4112 956 4174 medicae
975 4136 1052 4176 causa
1076 4117 1104 4172 iu
1126 4117 1254 4176 (itsecitn
1271 4127 1298 4170 et

261 4197 407 4268 Aegyptum
425 4197 570 4270 proiectum
588 4218 654 4261 em.
847 4251 872 4288 4
