<?xml version="1.0" encoding="UTF-8"?>
<!DOCTYPE html PUBLIC "-//W3C//DTD XHTML 1.0 Transitional//EN"
    "http://www.w3.org/TR/xhtml1/DTD/xhtml1-transitional.dtd">
<html xmlns="http://www.w3.org/1999/xhtml" xml:lang="en" lang="en">
 <head>
  <title>
</title>
<meta http-equiv="Content-Type" content="text/html;charset=utf-8" />
  <meta name='ocr-system' content='tesseract 3.04.00' />
  <meta name='ocr-capabilities' content='ocr_page ocr_carea ocr_par ocr_line ocrx_word'/>
</head>
<body>
  <div class='ocr_page' id='page_1' title='image "./vindiciaeorigin01gelpgoog_0045.png"; bbox 0 0 2866 4780; ppageno 0'>
   <div class='ocr_carea' id='block_1_1' title="bbox 538 422 825 512">
    <p class='ocr_par' dir='ltr' id='par_1_1' title="bbox 538 422 825 512">
     <span class='ocr_line' id='line_1_1' title="bbox 538 422 825 512; baseline -0.01 1"><span class='ocrx_word' id='word_1_1' title='bbox 538 455 541 464; x_wconf 82' lang='grc'><strong><em>’</em></strong></span> <span class='ocrx_word' id='word_1_2' title='bbox 668 422 825 512; x_wconf 66' lang='grc'><strong>(58)</strong></span> 
     </span>
    </p>
   </div>
   <div class='ocr_carea' id='block_1_2' title="bbox 150 601 1278 3216">
    <p class='ocr_par' dir='ltr' id='par_1_2' title="bbox 150 601 1278 3216">
     <span class='ocr_line' id='line_1_2' title="bbox 236 601 1278 694; baseline 0.002 -24"><span class='ocrx_word' id='word_1_3' title='bbox 236 613 417 694; x_wconf 84' lang='lat' dir='ltr'><strong>tantopere</strong></span> <span class='ocrx_word' id='word_1_4' title='bbox 441 601 483 672; x_wconf 87' lang='lat' dir='ltr'><strong>ah</strong></span> <span class='ocrx_word' id='word_1_5' title='bbox 506 601 706 673; x_wconf 79' lang='lat' dir='ltr'><strong>adversariis</strong></span> <span class='ocrx_word' id='word_1_6' title='bbox 722 603 1150 684; x_wconf 80' lang='lat' dir='ltr'><strong>landatur,rcvartamnr‘.&#39;</strong></span> <span class='ocrx_word' id='word_1_7' title='bbox 1173 604 1278 672; x_wconf 86' lang='lat' dir='ltr'><strong>Hanc</strong></span> 
     </span>
     <span class='ocr_line' id='line_1_3' title="bbox 234 709 1277 810; baseline 0 -26"><span class='ocrx_word' id='word_1_8' title='bbox 234 709 528 786; x_wconf 82' lang='lat' dir='ltr'><strong>ratiocinationem</strong></span> <span class='ocrx_word' id='word_1_9' title='bbox 549 735 669 786; x_wconf 84' lang='lat' dir='ltr'><strong>auctor</strong></span> <span class='ocrx_word' id='word_1_10' title='bbox 688 717 850 810; x_wconf 82' lang='lat' dir='ltr'><strong>epistolae</strong></span> <span class='ocrx_word' id='word_1_11' title='bbox 870 717 916 784; x_wconf 88' lang='lat' dir='ltr'><strong>ad</strong></span> <span class='ocrx_word' id='word_1_12' title='bbox 939 715 1110 786; x_wconf 86' lang='lat' dir='ltr'><strong>Hebraeos</strong></span> <span class='ocrx_word' id='word_1_13' title='bbox 1136 714 1277 785; x_wconf 81' lang='lat' dir='ltr'><strong>inirin-</strong></span> 
     </span>
     <span class='ocr_line' id='line_1_4' title="bbox 235 828 1278 922; baseline -0.002 -24"><span class='ocrx_word' id='word_1_14' title='bbox 235 847 317 916; x_wconf 73' lang='lat' dir='ltr'><strong>geta</strong></span> <span class='ocrx_word' id='word_1_15' title='bbox 352 843 387 897; x_wconf 85' lang='lat' dir='ltr'><strong>ct</strong></span> <span class='ocrx_word' id='word_1_16' title='bbox 414 831 565 900; x_wconf 78' lang='lat' dir='ltr'><strong>refutare</strong></span> <span class='ocrx_word' id='word_1_17' title='bbox 593 831 712 901; x_wconf 79' lang='lat' dir='ltr'><strong>studet</strong></span> <span class='ocrx_word' id='word_1_18' title='bbox 749 833 962 922; x_wconf 85' lang='lat' dir='ltr'><strong>potissimum</strong></span> <span class='ocrx_word' id='word_1_19' title='bbox 1003 828 1278 912; x_wconf 80' lang='lat' dir='ltr'><strong>demonstrans,</strong></span> 
     </span>
     <span class='ocr_line' id='line_1_5' title="bbox 235 930 1278 1038; baseline 0.002 -29"><span class='ocrx_word' id='word_1_20' title='bbox 235 942 460 1028; x_wconf 73' lang='lat' dir='ltr'><strong>calamitum,</strong></span> <span class='ocrx_word' id='word_1_21' title='bbox 475 930 559 1036; x_wconf 62' lang='lat' dir='ltr'><strong>onas</strong></span> <span class='ocrx_word' id='word_1_22' title='bbox 577 945 725 1037; x_wconf 82' lang='lat' dir='ltr'><strong>quiaque</strong></span> <span class='ocrx_word' id='word_1_23' title='bbox 739 949 849 1014; x_wconf 86' lang='lat' dir='ltr'><strong>bonos</strong></span> <span class='ocrx_word' id='word_1_24' title='bbox 867 947 1037 1037; x_wconf 71' lang='lat' dir='ltr'><strong>patiatur,</strong></span> <span class='ocrx_word' id='word_1_25' title='bbox 1054 961 1278 1038; x_wconf 83' lang='lat' dir='ltr'><strong>nequaquam</strong></span> 
     </span>
     <span class='ocr_line' id='line_1_6' title="bbox 234 1055 1276 1149; baseline 0.001 -25"><span class='ocrx_word' id='word_1_26' title='bbox 234 1077 307 1124; x_wconf 82' lang='lat' dir='ltr'><strong>casa</strong></span> <span class='ocrx_word' id='word_1_27' title='bbox 332 1056 576 1127; x_wconf 81' lang='lat' dir='ltr'>documentum</span> <span class='ocrx_word' id='word_1_28' title='bbox 597 1055 808 1146; x_wconf 84' lang='lat' dir='ltr'><strong>indignantis</strong></span> <span class='ocrx_word' id='word_1_29' title='bbox 829 1057 896 1148; x_wconf 87' lang='lat' dir='ltr'><strong>ipsi</strong></span> <span class='ocrx_word' id='word_1_30' title='bbox 921 1058 1094 1141; x_wconf 87' lang='lat' dir='ltr'><strong>numinis,</strong></span> <span class='ocrx_word' id='word_1_31' title='bbox 1116 1059 1177 1125; x_wconf 83' lang='lat' dir='ltr'><strong>aad</strong></span> <span class='ocrx_word' id='word_1_32' title='bbox 1202 1081 1276 1149; x_wconf 90' lang='lat' dir='ltr'><strong>po-</strong></span> 
     </span>
     <span class='ocr_line' id='line_1_7' title="bbox 233 1169 1276 1264; baseline 0 -26"><span class='ocrx_word' id='word_1_33' title='bbox 233 1172 301 1238; x_wconf 81' lang='lat' dir='ltr'><strong>tius</strong></span> <span class='ocrx_word' id='word_1_34' title='bbox 334 1169 456 1239; x_wconf 82' lang='lat' dir='ltr'><strong>amotis</strong></span> <span class='ocrx_word' id='word_1_35' title='bbox 480 1171 569 1255; x_wconf 87' lang='lat' dir='ltr'><strong>Dei,</strong></span> <span class='ocrx_word' id='word_1_36' title='bbox 599 1173 734 1262; x_wconf 81' lang='lat' dir='ltr'><strong>‚qnippe</strong></span> <span class='ocrx_word' id='word_1_37' title='bbox 758 1173 819 1263; x_wconf 86' lang='lat' dir='ltr'><strong>qul</strong></span> <span class='ocrx_word' id='word_1_38' title='bbox 841 1171 958 1256; x_wconf 90' lang='lat' dir='ltr'><strong>malla,</strong></span> <span class='ocrx_word' id='word_1_39' title='bbox 993 1189 1080 1264; x_wconf 87' lang='lat' dir='ltr'><strong>qnae</strong></span> <span class='ocrx_word' id='word_1_40' title='bbox 1109 1172 1147 1238; x_wconf 92' lang='lat' dir='ltr'><strong>in</strong></span> <span class='ocrx_word' id='word_1_41' title='bbox 1180 1174 1276 1241; x_wconf 79' lang='lat' dir='ltr'><strong>viros</strong></span> 
     </span>
     <span class='ocr_line' id='line_1_8' title="bbox 231 1283 1275 1376; baseline 0.003 -26"><span class='ocrx_word' id='word_1_42' title='bbox 231 1283 362 1376; x_wconf 78' lang='lat' dir='ltr'><strong>probos</strong></span> <span class='ocrx_word' id='word_1_43' title='bbox 393 1285 567 1369; x_wconf 80' lang='lat' dir='ltr'><strong>immittit,</strong></span> <span class='ocrx_word' id='word_1_44' title='bbox 600 1305 657 1352; x_wconf 88' lang='lat' dir='ltr'><strong>eoa</strong></span> <span class='ocrx_word' id='word_1_45' title='bbox 688 1305 865 1371; x_wconf 82' lang='lat' dir='ltr'><strong>exercere,</strong></span> <span class='ocrx_word' id='word_1_46' title='bbox 899 1287 1121 1354; x_wconf 82' lang='lat' dir='ltr'><strong>corroborare</strong></span> <span class='ocrx_word' id='word_1_47' title='bbox 1156 1301 1191 1354; x_wconf 91' lang='lat' dir='ltr'><strong>et</strong></span> <span class='ocrx_word' id='word_1_48' title='bbox 1226 1285 1275 1353; x_wconf 83' lang='lat' dir='ltr'><strong>ati</strong></span> 
     </span>
     <span class='ocr_line' id='line_1_9' title="bbox 234 1396 1276 1493; baseline 0.002 -28"><span class='ocrx_word' id='word_1_49' title='bbox 234 1396 335 1466; x_wconf 88' lang='lat' dir='ltr'><strong>altiaa</strong></span> <span class='ocrx_word' id='word_1_50' title='bbox 351 1396 487 1468; x_wconf 83' lang='lat' dir='ltr'><strong>tittntls</strong></span> <span class='ocrx_word' id='word_1_51' title='bbox 500 1397 672 1486; x_wconf 76' lang='lat' dir='ltr'><strong>fastigium</strong></span> <span class='ocrx_word' id='word_1_52' title='bbox 688 1399 833 1468; x_wconf 81' lang='lat' dir='ltr'><strong>avehere</strong></span> <span class='ocrx_word' id='word_1_53' title='bbox 849 1402 946 1469; x_wconf 81' lang='lat' dir='ltr'><strong>velit.</strong></span> <span class='ocrx_word' id='word_1_54' title='bbox 980 1401 1111 1470; x_wconf 88' lang='lat' dir='ltr'><strong>Multos</strong></span> <span class='ocrx_word' id='word_1_55' title='bbox 1129 1396 1276 1493; x_wconf 85' lang='lat' dir='ltr'><strong>quidem</strong></span> 
     </span>
     <span class='ocr_line' id='line_1_10' title="bbox 235 1513 1277 1604; baseline 0 -24"><span class='ocrx_word' id='word_1_56' title='bbox 235 1528 357 1580; x_wconf 87' lang='lat' dir='ltr'><strong>auctor</strong></span> <span class='ocrx_word' id='word_1_57' title='bbox 385 1530 437 1582; x_wconf 85' lang='lat' dir='ltr'><strong>cst</strong></span> <span class='ocrx_word' id='word_1_58' title='bbox 467 1513 506 1580; x_wconf 88' lang='lat' dir='ltr'><strong>in</strong></span> <span class='ocrx_word' id='word_1_59' title='bbox 542 1513 809 1582; x_wconf 85' lang='lat' dir='ltr'><strong>demonstranda</strong></span> <span class='ocrx_word' id='word_1_60' title='bbox 847 1515 1057 1604; x_wconf 85' lang='lat' dir='ltr'><strong>praestantia</strong></span> <span class='ocrx_word' id='word_1_61' title='bbox 1087 1513 1277 1602; x_wconf 75' lang='lat' dir='ltr'><strong>Religionis</strong></span> 
     </span>
     <span class='ocr_line' id='line_1_11' title="bbox 236 1621 1275 1716; baseline -0.002 -20"><span class='ocrx_word' id='word_1_62' title='bbox 236 1621 453 1696; x_wconf 72' lang='lat' dir='ltr'><strong>Christianae</strong></span> <span class='ocrx_word' id='word_1_63' title='bbox 476 1649 559 1716; x_wconf 82' lang='lat' dir='ltr'><strong>prae</strong></span> <span class='ocrx_word' id='word_1_64' title='bbox 577 1624 743 1705; x_wconf 79' lang='lat' dir='ltr'><strong>Mosaios,</strong></span> <span class='ocrx_word' id='word_1_65' title='bbox 766 1625 827 1694; x_wconf 87' lang='lat' dir='ltr'><strong>sed</strong></span> <span class='ocrx_word' id='word_1_66' title='bbox 853 1647 982 1695; x_wconf 82' lang='lat' dir='ltr'><strong>tamma</strong></span> <span class='ocrx_word' id='word_1_67' title='bbox 1001 1627 1190 1715; x_wconf 83' lang='lat' dir='ltr'><strong>argumenti</strong></span> <span class='ocrx_word' id='word_1_68' title='bbox 1214 1641 1275 1694; x_wconf 89' lang='lat' dir='ltr'><strong>to-</strong></span> 
     </span>
     <span class='ocr_line' id='line_1_12' title="bbox 232 1737 1271 1832; baseline -0.005 -22"><span class='ocrx_word' id='word_1_69' title='bbox 232 1742 302 1810; x_wconf 83' lang='lat' dir='ltr'><strong>tint</strong></span> <span class='ocrx_word' id='word_1_70' title='bbox 324 1739 487 1832; x_wconf 85' lang='lat' dir='ltr'><strong>epistolae</strong></span> <span class='ocrx_word' id='word_1_71' title='bbox 513 1761 554 1808; x_wconf 89' lang='lat' dir='ltr'><strong>co</strong></span> <span class='ocrx_word' id='word_1_72' title='bbox 577 1757 734 1830; x_wconf 85' lang='lat' dir='ltr'><strong>spectat,</strong></span> <span class='ocrx_word' id='word_1_73' title='bbox 754 1757 794 1809; x_wconf 91' lang='lat' dir='ltr'><strong>nt</strong></span> <span class='ocrx_word' id='word_1_74' title='bbox 820 1741 1009 1814; x_wconf 79' lang='lat' dir='ltr'><strong>Christiani</strong></span> <span class='ocrx_word' id='word_1_75' title='bbox 1032 1737 1271 1808; x_wconf 86' lang='lat' dir='ltr'><strong>Palaestinen·</strong></span> 
     </span>
     <span class='ocr_line' id='line_1_13' title="bbox 237 1850 1277 1945; baseline -0.01 -19"><span class='ocrx_word' id='word_1_76' title='bbox 237 1879 290 1931; x_wconf 75' lang='lat' dir='ltr'><strong>ces</strong></span> <span class='ocrx_word' id='word_1_77' title='bbox 311 1853 579 1937; x_wconf 82' lang='lat' dir='ltr'><strong>admoneantur,</strong></span> <span class='ocrx_word' id='word_1_78' title='bbox 601 1875 644 1920; x_wconf 86' lang='lat' dir='ltr'><strong>ne</strong></span> <span class='ocrx_word' id='word_1_79' title='bbox 675 1854 719 1919; x_wconf 91' lang='lat' dir='ltr'><strong>ob</strong></span> <span class='ocrx_word' id='word_1_80' title='bbox 742 1851 967 1937; x_wconf 79' lang='lat' dir='ltr'><strong>calamitates,</strong></span> <span class='ocrx_word' id='word_1_81' title='bbox 991 1875 1074 1945; x_wconf 86' lang='lat' dir='ltr'><strong>quaa</strong></span> <span class='ocrx_word' id='word_1_82' title='bbox 1098 1850 1277 1938; x_wconf 83' lang='lat' dir='ltr'><strong>religionis</strong></span> 
     </span>
     <span class='ocr_line' id='line_1_14' title="bbox 236 1963 1275 2060; baseline -0.007 -21"><span class='ocrx_word' id='word_1_83' title='bbox 236 1989 339 2040; x_wconf 83' lang='lat' dir='ltr'><strong>cauta</strong></span> <span class='ocrx_word' id='word_1_84' title='bbox 361 1963 648 2060; x_wconf 72' lang='lat' dir='ltr'><strong>experiebantur,</strong></span> <span class='ocrx_word' id='word_1_85' title='bbox 673 1981 809 2034; x_wconf 81' lang='lat' dir='ltr'><strong>erecto</strong></span> <span class='ocrx_word' id='word_1_86' title='bbox 835 1967 907 2034; x_wconf 84' lang='lat' dir='ltr'><strong>veri</strong></span> <span class='ocrx_word' id='word_1_87' title='bbox 927 1983 962 2033; x_wconf 91' lang='lat' dir='ltr'><strong>et</strong></span> <span class='ocrx_word' id='word_1_88' title='bbox 979 1966 1116 2034; x_wconf 86' lang='lat' dir='ltr'><strong>honesti</strong></span> <span class='ocrx_word' id='word_1_89' title='bbox 1137 1965 1275 2032; x_wconf 84' lang='lat' dir='ltr'><strong>tramite</strong></span> 
     </span>
     <span class='ocr_line' id='line_1_15' title="bbox 236 2077 1275 2170; baseline -0.003 -17"><span class='ocrx_word' id='word_1_90' title='bbox 236 2081 413 2153; x_wconf 84' lang='lat' dir='ltr'><strong>declinare</strong></span> <span class='ocrx_word' id='word_1_91' title='bbox 431 2077 549 2149; x_wconf 77' lang='lat' dir='ltr'><strong>velint.</strong></span> <span class='ocrx_word' id='word_1_92' title='bbox 593 2078 749 2170; x_wconf 85' lang='lat' dir='ltr'><strong>Epistola</strong></span> <span class='ocrx_word' id='word_1_93' title='bbox 766 2077 811 2143; x_wconf 88' lang='lat' dir='ltr'><strong>ad</strong></span> <span class='ocrx_word' id='word_1_94' title='bbox 832 2077 1003 2148; x_wconf 82' lang='lat' dir='ltr'><strong>Hebraeos</strong></span> <span class='ocrx_word' id='word_1_95' title='bbox 1024 2097 1074 2146; x_wconf 87' lang='lat' dir='ltr'><strong>cst</strong></span> <span class='ocrx_word' id='word_1_96' title='bbox 1094 2081 1187 2162; x_wconf 75' lang='grc' dir='ltr'><em>λόγος</em></span> <span class='ocrx_word' id='word_1_97' title='bbox 1202 2105 1275 2150; x_wconf 70' lang='lat' dir='ltr'><strong>aa·</strong></span> 
     </span>
     <span class='ocr_line' id='line_1_16' title="bbox 150 2191 1272 2296; baseline -0.007 -29"><span class='ocrx_word' id='word_1_98' title='bbox 150 2291 152 2296; x_wconf 23' lang='grc' dir='ltr'>Ι</span> <span class='ocrx_word' id='word_1_99' title='bbox 234 2201 432 2292; x_wconf 65' lang='lat' dir='ltr'><strong>partiente.</strong></span> <span class='ocrx_word' id='word_1_100' title='bbox 464 2209 503 2260; x_wconf 88' lang='lat' dir='ltr'><strong>ut</strong></span> <span class='ocrx_word' id='word_1_101' title='bbox 526 2203 645 2260; x_wconf 85' lang='lat' dir='ltr'><strong>auctor</strong></span> <span class='ocrx_word' id='word_1_102' title='bbox 669 2193 743 2282; x_wconf 85' lang='lat' dir='ltr'><strong>ipso</strong></span> <span class='ocrx_word' id='word_1_103' title='bbox 774 2209 916 2260; x_wconf 84' lang='lat' dir='ltr'><strong>testator</strong></span> <span class='ocrx_word' id='word_1_104' title='bbox 943 2193 1049 2262; x_wconf 86' lang='lat' dir='ltr'><strong>Hebr.</strong></span> <span class='ocrx_word' id='word_1_105' title='bbox 1076 2191 1181 2276; x_wconf 80' lang='lat' dir='ltr'><strong>xtu,</strong></span> <span class='ocrx_word' id='word_1_106' title='bbox 1207 2213 1272 2276; x_wconf 67' lang='lat' dir='ltr'><strong>aaa</strong></span> 
     </span>
     <span class='ocr_line' id='line_1_17' title="bbox 233 2303 1274 2398; baseline -0.006 -19"><span class='ocrx_word' id='word_1_107' title='bbox 233 2313 322 2395; x_wconf 85' lang='lat' dir='ltr'>XII,</span> <span class='ocrx_word' id='word_1_108' title='bbox 345 2313 378 2382; x_wconf 81' lang='lat'><strong>5.</strong></span> <span class='ocrx_word' id='word_1_109' title='bbox 399 2364 402 2374; x_wconf 90' lang='lat'>.</span> <span class='ocrx_word' id='word_1_110' title='bbox 422 2307 512 2378; x_wconf 86' lang='lat' dir='ltr'><strong>Hinc</strong></span> <span class='ocrx_word' id='word_1_111' title='bbox 529 2307 632 2375; x_wconf 84' lang='lat' dir='ltr'><strong>ctiam</strong></span> <span class='ocrx_word' id='word_1_112' title='bbox 659 2303 827 2377; x_wconf 80' lang='lat' dir='ltr'><strong>Schola</strong></span> <span class='ocrx_word' id='word_1_113' title='bbox 859 2308 878 2394; x_wconf 90' lang='lat'>(</span> <span class='ocrx_word' id='word_1_114' title='bbox 890 2305 960 2374; x_wconf 85' lang='lat' dir='ltr'><strong>Die</strong></span> <span class='ocrx_word' id='word_1_115' title='bbox 979 2307 1130 2398; x_wconf 74' lang='lat' dir='ltr'><strong>Epistol</strong></span> <span class='ocrx_word' id='word_1_116' title='bbox 1146 2331 1193 2375; x_wconf 83' lang='lat' dir='ltr'><strong>an</strong></span> <span class='ocrx_word' id='word_1_117' title='bbox 1212 2305 1274 2374; x_wconf 81' lang='lat' dir='ltr'><strong>die</strong></span> 
     </span>
     <span class='ocr_line' id='line_1_18' title="bbox 235 2417 1277 2511; baseline -0.005 -18"><span class='ocrx_word' id='word_1_118' title='bbox 235 2429 406 2500; x_wconf 80' lang='lat' dir='ltr'><strong>Hehrt&#39;ier</strong></span> <span class='ocrx_word' id='word_1_119' title='bbox 435 2441 473 2511; x_wconf 60' lang='lat' dir='ltr'><strong>ps</strong></span> <span class='ocrx_word' id='word_1_120' title='bbox 493 2423 577 2506; x_wconf 74' lang='lat' dir='ltr'><strong>io.)</strong></span> <span class='ocrx_word' id='word_1_121' title='bbox 600 2423 647 2488; x_wconf 88' lang='lat' dir='ltr'><strong>ita</strong></span> <span class='ocrx_word' id='word_1_122' title='bbox 675 2417 830 2506; x_wconf 74' lang='lat' dir='ltr'><strong>judicata</strong></span> <span class='ocrx_word' id='word_1_123' title='bbox 881 2419 980 2492; x_wconf 82' lang='lat' dir='ltr'><strong>«Dia</strong></span> <span class='ocrx_word' id='word_1_124' title='bbox 1004 2420 1277 2507; x_wconf 83' lang='lat' dir='ltr'><strong>Ermahnungen</strong></span> 
     </span>
     <span class='ocr_line' id='line_1_19' title="bbox 235 2528 1277 2622; baseline -0.006 -12"><span class='ocrx_word' id='word_1_125' title='bbox 235 2566 299 2610; x_wconf 84' lang='lat' dir='ltr'><strong>aur</strong></span> <span class='ocrx_word' id='word_1_126' title='bbox 327 2529 620 2622; x_wconf 77' lang='lat' dir='ltr'><strong>Standhalilgheit</strong></span> <span class='ocrx_word' id='word_1_127' title='bbox 641 2536 689 2603; x_wconf 90' lang='lat' dir='ltr'><strong>im</strong></span> <span class='ocrx_word' id='word_1_128' title='bbox 711 2529 951 2604; x_wconf 79' lang='lat' dir='ltr'><strong>&#39;Christlichen</strong></span> <span class='ocrx_word' id='word_1_129' title='bbox 982 2528 1140 2604; x_wconf 84' lang='lat' dir='ltr'><strong>Glauben</strong></span> <span class='ocrx_word' id='word_1_130' title='bbox 1169 2550 1277 2604; x_wconf 83' lang='lat' dir='ltr'><strong>untcr</strong></span> 
     </span>
     <span class='ocr_line' id='line_1_20' title="bbox 230 2645 1274 2743; baseline -0.01 -18"><span class='ocrx_word' id='word_1_131' title='bbox 230 2650 353 2726; x_wconf 75' lang='lat' dir='ltr'><strong>Druck</strong></span> <span class='ocrx_word' id='word_1_132' title='bbox 372 2651 444 2719; x_wconf 87' lang='lat' dir='ltr'><strong>tlnd</strong></span> <span class='ocrx_word' id='word_1_133' title='bbox 457 2646 651 2717; x_wconf 76' lang='lat' dir='ltr'><strong>‘l&#39;rt&#39;thsalan</strong></span> <span class='ocrx_word' id='word_1_134' title='bbox 668 2647 748 2714; x_wconf 83' lang='lat' dir='ltr'><strong>aind</strong></span> <span class='ocrx_word' id='word_1_135' title='bbox 767 2647 823 2717; x_wconf 86' lang='lat' dir='ltr'><strong>die</strong></span> <span class='ocrx_word' id='word_1_136' title='bbox 841 2645 1093 2743; x_wconf 85' lang='lat' dir='ltr'><strong>Hauptahaicht</strong></span> <span class='ocrx_word' id='word_1_137' title='bbox 1109 2647 1169 2715; x_wconf 88' lang='lat' dir='ltr'><strong>dea</strong></span> <span class='ocrx_word' id='word_1_138' title='bbox 1184 2670 1274 2735; x_wconf 84' lang='lat' dir='ltr'><strong>gan·</strong></span> 
     </span>
     <span class='ocr_line' id='line_1_21' title="bbox 234 2761 1278 2855; baseline -0.005 -19"><span class='ocrx_word' id='word_1_139' title='bbox 234 2797 322 2855; x_wconf 77' lang='lat' dir='ltr'><strong>aen,</strong></span> <span class='ocrx_word' id='word_1_140' title='bbox 354 2769 418 2836; x_wconf 87' lang='lat' dir='ltr'><strong>dor</strong></span> <span class='ocrx_word' id='word_1_141' title='bbox 448 2762 505 2832; x_wconf 87' lang='lat' dir='ltr'><strong>die</strong></span> <span class='ocrx_word' id='word_1_142' title='bbox 531 2762 784 2847; x_wconf 77' lang='lat' dir='ltr'><strong>eingcatrcuten</strong></span> <span class='ocrx_word' id='word_1_143' title='bbox 810 2763 962 2849; x_wconf 81' lang='lat' dir='ltr'><strong>Dogmon</strong></span> <span class='ocrx_word' id='word_1_144' title='bbox 995 2780 1063 2830; x_wconf 82' lang='lat' dir='ltr'><strong>nna</strong></span> <span class='ocrx_word' id='word_1_145' title='bbox 1096 2761 1278 2832; x_wconf 80' lang='lat' dir='ltr'><strong>dienstltar</strong></span> 
     </span>
     <span class='ocr_line' id='line_1_22' title="bbox 234 2883 357 2958; baseline -0.065 0"><span class='ocrx_word' id='word_1_146' title='bbox 234 2883 357 2958; x_wconf 83' lang='lat' dir='ltr'><strong>sind.’¹</strong></span> 
     </span>
     <span class='ocr_line' id='line_1_23' title="bbox 276 2979 1278 3074; baseline -0.008 -9"><span class='ocrx_word' id='word_1_147' title='bbox 276 2989 378 3065; x_wconf 85' lang='lat' dir='ltr'><strong>Idem</strong></span> <span class='ocrx_word' id='word_1_148' title='bbox 390 3005 472 3060; x_wconf 80' lang='lat' dir='ltr'><strong>vato</strong></span> <span class='ocrx_word' id='word_1_149' title='bbox 486 3000 727 3074; x_wconf 79' lang='lat' dir='ltr'><strong>argumentum·</strong></span> <span class='ocrx_word' id='word_1_150' title='bbox 738 2995 904 3056; x_wconf 76' lang='lat' dir='ltr'><strong>tractator</strong></span> <span class='ocrx_word' id='word_1_151' title='bbox 922 2985 959 3056; x_wconf 89' lang='lat' dir='ltr'><strong>ln</strong></span> <span class='ocrx_word' id='word_1_152' title='bbox 981 2979 1155 3057; x_wconf 85' lang='lat' dir='ltr'><strong>nonnullis</strong></span> <span class='ocrx_word' id='word_1_153' title='bbox 1180 2988 1278 3058; x_wconf 82' lang='lat' dir='ltr'><strong>acri·&#39;</strong></span> 
     </span>
     <span class='ocr_line' id='line_1_24' title="bbox 234 3101 1277 3216; baseline -0.012 -33"><span class='ocrx_word' id='word_1_154' title='bbox 234 3101 642 3216; x_wconf 80' lang='lat' dir='ltr'><strong>ptiaSeneoaa,maxima</strong></span> <span class='ocrx_word' id='word_1_155' title='bbox 657 3101 790 3168; x_wconf 81' lang='lat' dir='ltr'><strong>veroin</strong></span> <span class='ocrx_word' id='word_1_156' title='bbox 808 3101 924 3172; x_wconf 80' lang='lat' dir='ltr'><strong>libello</strong></span> <span class='ocrx_word' id='word_1_157' title='bbox 943 3104 1099 3171; x_wconf 82' lang='lat' dir='ltr'><strong>Senecae</strong></span> <span class='ocrx_word' id='word_1_158' title='bbox 1118 3103 1161 3172; x_wconf 81' lang='lat' dir='ltr'><strong>de</strong></span> <span class='ocrx_word' id='word_1_159' title='bbox 1181 3105 1277 3172; x_wconf 84' lang='lat' dir='ltr'><strong>Pro·</strong></span> 
     </span>
    </p>
   </div>
   <div class='ocr_carea' id='block_1_3' title="bbox 125 3213 1279 3306">
    <p class='ocr_par' dir='ltr' id='par_1_3' title="bbox 125 3213 1279 3306">
     <span class='ocr_line' id='line_1_25' title="bbox 125 3213 1279 3306; baseline -0.008 -11"><span class='ocrx_word' id='word_1_160' title='bbox 125 3243 128 3250; x_wconf 83' lang='grc'><strong>’</strong></span> <span class='ocrx_word' id='word_1_161' title='bbox 233 3221 428 3300; x_wconf 78' lang='lat' dir='ltr'><strong>videntia,</strong></span> <span class='ocrx_word' id='word_1_162' title='bbox 460 3215 521 3306; x_wconf 83' lang='lat' dir='ltr'><strong>qul</strong></span> <span class='ocrx_word' id='word_1_163' title='bbox 556 3213 658 3282; x_wconf 85' lang='lat' dir='ltr'><strong>etlam</strong></span> <span class='ocrx_word' id='word_1_164' title='bbox 686 3213 781 3281; x_wconf 82' lang='lat' dir='ltr'><strong>hunc</strong></span> <span class='ocrx_word' id='word_1_165' title='bbox 812 3213 949 3281; x_wconf 87' lang='lat' dir='ltr'><strong>titulum</strong></span> <span class='ocrx_word' id='word_1_166' title='bbox 984 3213 1113 3283; x_wconf 79' lang='lat' dir='ltr'><strong>habeta</strong></span> <span class='ocrx_word' id='word_1_167' title='bbox 1159 3215 1279 3306; x_wconf 83' lang='lat' dir='ltr'><strong>Quare</strong></span> 
     </span>
    </p>
   </div>
   <div class='ocr_carea' id='block_1_4' title="bbox 234 3326 1277 3424">
    <p class='ocr_par' dir='ltr' id='par_1_4' title="bbox 234 3326 1277 3424">
     <span class='ocr_line' id='line_1_26' title="bbox 234 3326 1277 3424; baseline -0.006 -18"><span class='ocrx_word' id='word_1_168' title='bbox 234 3341 338 3416; x_wconf 80' lang='lat' dir='ltr'><strong>bonis</strong></span> <span class='ocrx_word' id='word_1_169' title='bbox 361 3335 441 3403; x_wconf 83' lang='lat' dir='ltr'><strong>viria</strong></span> <span class='ocrx_word' id='word_1_170' title='bbox 465 3327 554 3400; x_wconf 85' lang='lat' dir='ltr'><strong>mala</strong></span> <span class='ocrx_word' id='word_1_171' title='bbox 576 3326 758 3416; x_wconf 86' lang='lat' dir='ltr'><strong>accidant,</strong></span> <span class='ocrx_word' id='word_1_172' title='bbox 780 3349 858 3399; x_wconf 89' lang='lat' dir='ltr'><strong>cunt</strong></span> <span class='ocrx_word' id='word_1_173' title='bbox 881 3329 925 3398; x_wconf 81' lang='lat' dir='ltr'><strong>ait</strong></span> <span class='ocrx_word' id='word_1_174' title='bbox 948 3327 1167 3424; x_wconf 83' lang='lat' dir='ltr'><strong>providentia</strong></span> <span class='ocrx_word' id='word_1_175' title='bbox 1188 3329 1277 3422; x_wconf 86' lang='grc' dir='ltr'><strong>(ι).</strong></span> 
     </span>
    </p>
   </div>
   <div class='ocr_carea' id='block_1_5' title="bbox 254 3493 431 3538">
    <p class='ocr_par' dir='ltr' id='par_1_5' title="bbox 254 3493 431 3538">
     <span class='ocr_line' id='line_1_27' title="bbox 254 3493 431 3538; baseline -0.006 -7"><span class='ocrx_word' id='word_1_176' title='bbox 254 3493 431 3538; x_wconf 64' lang='lat' dir='ltr'><strong>...L-a·-</strong></span> 
     </span>
    </p>
   </div>
   <div class='ocr_carea' id='block_1_6' title="bbox 158 3601 1285 4129">
    <p class='ocr_par' dir='ltr' id='par_1_6' title="bbox 158 3601 1285 4129">
     <span class='ocr_line' id='line_1_28' title="bbox 184 3601 1279 3692; baseline -0.016 1"><span class='ocrx_word' id='word_1_177' title='bbox 184 3601 186 3608; x_wconf 29' lang='lat'><strong><em>¹</em></strong></span> <span class='ocrx_word' id='word_1_178' title='bbox 269 3627 319 3692; x_wconf 80' lang='lat' dir='ltr'><strong>(t)</strong></span> <span class='ocrx_word' id='word_1_179' title='bbox 335 3619 409 3676; x_wconf 75' lang='lat' dir='ltr'><strong>Siout</strong></span> <span class='ocrx_word' id='word_1_180' title='bbox 427 3613 544 3688; x_wconf 72' lang='lat' dir='ltr'><strong>Epistola</strong></span> <span class='ocrx_word' id='word_1_181' title='bbox 561 3614 595 3670; x_wconf 84' lang='lat' dir='ltr'><strong>atl</strong></span> <span class='ocrx_word' id='word_1_182' title='bbox 613 3614 745 3670; x_wconf 77' lang='lat' dir='ltr'><strong>flehraaoa</strong></span> <span class='ocrx_word' id='word_1_183' title='bbox 763 3615 845 3686; x_wconf 77' lang='lat' dir='ltr'><strong>magia</strong></span> <span class='ocrx_word' id='word_1_184' title='bbox 856 3613 967 3684; x_wconf 75' lang='lat' dir='ltr'><strong>speciem</strong></span> <span class='ocrx_word' id='word_1_185' title='bbox 985 3617 1180 3673; x_wconf 72' lang='lat' dir='ltr'><strong>uatutionmli</strong></span> <span class='ocrx_word' id='word_1_186' title='bbox 1195 3636 1279 3690; x_wconf 74' lang='lat' dir='ltr'><strong>quan</strong></span> 
     </span>
     <span class='ocr_line' id='line_1_29' title="bbox 235 3699 1277 3785; baseline 0 -23"><span class='ocrx_word' id='word_1_187' title='bbox 235 3699 360 3785; x_wconf 67' lang='lat' dir='ltr'><strong>epistolae</strong></span> <span class='ocrx_word' id='word_1_188' title='bbox 378 3724 474 3778; x_wconf 81' lang='lat' dir='ltr'><strong>praese</strong></span> <span class='ocrx_word' id='word_1_189' title='bbox 484 3704 554 3780; x_wconf 25' lang='lat' dir='ltr'><strong>lette,</strong></span> <span class='ocrx_word' id='word_1_190' title='bbox 571 3702 608 3757; x_wconf 82' lang='lat' dir='ltr'><strong>ita</strong></span> <span class='ocrx_word' id='word_1_191' title='bbox 623 3704 825 3758; x_wconf 79' lang='lat' dir='ltr'><strong>trattatiancula</strong></span> <span class='ocrx_word' id='word_1_192' title='bbox 832 3701 942 3756; x_wconf 77' lang='lat' dir='ltr'><strong>Senecae</strong></span> <span class='ocrx_word' id='word_1_193' title='bbox 960 3701 991 3754; x_wconf 79' lang='lat' dir='ltr'><strong>tlt</strong></span> <span class='ocrx_word' id='word_1_194' title='bbox 1000 3701 1167 3760; x_wconf 75' lang='lat' dir='ltr'><strong>Providentia</strong></span> <span class='ocrx_word' id='word_1_195' title='bbox 1181 3707 1210 3760; x_wconf 88' lang='lat' dir='ltr'><strong>ia</strong></span> <span class='ocrx_word' id='word_1_196' title='bbox 1226 3726 1277 3762; x_wconf 87' lang='lat' dir='ltr'><strong>nn·</strong></span> 
     </span>
     <span class='ocr_line' id='line_1_30' title="bbox 236 3782 1279 3866; baseline -0.009 -10"><span class='ocrx_word' id='word_1_197' title='bbox 236 3807 337 3859; x_wconf 77' lang='lat' dir='ltr'><strong>aterum</strong></span> <span class='ocrx_word' id='word_1_198' title='bbox 360 3791 528 3866; x_wconf 71' lang='lat' dir='ltr'><strong>epistolarum</strong></span> <span class='ocrx_word' id='word_1_199' title='bbox 546 3786 580 3842; x_wconf 80' lang='lat' dir='ltr'><strong>ati</strong></span> <span class='ocrx_word' id='word_1_200' title='bbox 598 3782 728 3848; x_wconf 63' lang='lat' dir='ltr'><strong>[atilium</strong></span> <span class='ocrx_word' id='word_1_201' title='bbox 750 3787 886 3846; x_wconf 81' lang='lat' dir='ltr'><strong>reserenda</strong></span> <span class='ocrx_word' id='word_1_202' title='bbox 910 3801 965 3840; x_wconf 82' lang='lat' dir='ltr'><strong>este</strong></span> <span class='ocrx_word' id='word_1_203' title='bbox 987 3789 1093 3844; x_wconf 78' lang='lat' dir='ltr'><strong>videtur</strong></span> <span class='ocrx_word' id='word_1_204' title='bbox 1109 3801 1136 3845; x_wconf 83' lang='lat' dir='ltr'><strong>et</strong></span> <span class='ocrx_word' id='word_1_205' title='bbox 1152 3809 1167 3845; x_wconf 82' lang='lat' dir='ltr'><strong>a</strong></span> <span class='ocrx_word' id='word_1_206' title='bbox 1185 3791 1279 3848; x_wconf 84' lang='lat' dir='ltr'><strong>multia</strong></span> 
     </span>
     <span class='ocr_line' id='line_1_31' title="bbox 234 3863 1285 3947; baseline -0.002 -14"><span class='ocrx_word' id='word_1_207' title='bbox 234 3889 319 3946; x_wconf 62' lang='lat' dir='ltr'><strong>nuta</strong></span> <span class='ocrx_word' id='word_1_208' title='bbox 328 3893 375 3940; x_wconf 74' lang='lat' dir='ltr'><strong>ut.</strong></span> <span class='ocrx_word' id='word_1_209' title='bbox 411 3879 532 3942; x_wconf 70' lang='lat' dir='ltr'><strong>Fortem</strong></span> <span class='ocrx_word' id='word_1_210' title='bbox 546 3875 579 3928; x_wconf 84' lang='lat' dir='ltr'><strong>ah</strong></span> <span class='ocrx_word' id='word_1_211' title='bbox 598 3874 658 3930; x_wconf 83' lang='lat' dir='ltr'><strong>aliia</strong></span> <span class='ocrx_word' id='word_1_212' title='bbox 672 3875 790 3947; x_wconf 80' lang='lat' dir='ltr'><strong>epistolia</strong></span> <span class='ocrx_word' id='word_1_213' title='bbox 807 3875 842 3930; x_wconf 81' lang='lat' dir='ltr'><strong>oh</strong></span> <span class='ocrx_word' id='word_1_214' title='bbox 857 3877 1001 3944; x_wconf 73' lang='lat' dir='ltr'><strong>argumenti</strong></span> <span class='ocrx_word' id='word_1_215' title='bbox 1014 3863 1165 3945; x_wconf 64' lang='lat' dir='ltr'><strong>gravitat&#39;em</strong></span> <span class='ocrx_word' id='word_1_216' title='bbox 1181 3890 1209 3933; x_wconf 87' lang='lat' dir='ltr'><strong>et</strong></span> <span class='ocrx_word' id='word_1_217' title='bbox 1221 3881 1285 3934; x_wconf 79' lang='lat' dir='ltr'><strong>oti-</strong></span> 
     </span>
     <span class='ocr_line' id='line_1_32' title="bbox 233 3961 1282 4040; baseline -0.005 -14"><span class='ocrx_word' id='word_1_218' title='bbox 233 3973 338 4036; x_wconf 79' lang='lat' dir='ltr'><strong>iitatcm</strong></span> <span class='ocrx_word' id='word_1_219' title='bbox 361 3967 481 4040; x_wconf 59' lang='lat' dir='ltr'><strong>damiata</strong></span> <span class='ocrx_word' id='word_1_220' title='bbox 502 3976 529 4019; x_wconf 82' lang='lat' dir='ltr'><strong>tt</strong></span> <span class='ocrx_word' id='word_1_221' title='bbox 550 3963 678 4038; x_wconf 78' lang='lat' dir='ltr'><strong>peculiari</strong></span> <span class='ocrx_word' id='word_1_222' title='bbox 700 3962 778 4019; x_wconf 88' lang='lat' dir='ltr'><strong>titulo</strong></span> <span class='ocrx_word' id='word_1_223' title='bbox 799 3961 923 4032; x_wconf 68' lang='lat' dir='ltr'><strong>insignita</strong></span> <span class='ocrx_word' id='word_1_224' title='bbox 942 3973 989 4020; x_wconf 82' lang='lat' dir='ltr'><strong>tat.</strong></span> <span class='ocrx_word' id='word_1_225' title='bbox 1025 3962 1116 4018; x_wconf 83' lang='lat' dir='ltr'><strong>Simile</strong></span> <span class='ocrx_word' id='word_1_226' title='bbox 1138 3981 1282 4031; x_wconf 60' lang='lat' dir='ltr'><strong>argomen-</strong></span> 
     </span>
     <span class='ocr_line' id='line_1_33' title="bbox 158 4047 1280 4129; baseline -0.002 -15"><span class='ocrx_word' id='word_1_227' title='bbox 158 4061 172 4129; x_wconf 71' lang='lat' dir='ltr'>j</span> <span class='ocrx_word' id='word_1_228' title='bbox 234 4072 291 4116; x_wconf 83' lang='lat' dir='ltr'><strong>tam</strong></span> <span class='ocrx_word' id='word_1_229' title='bbox 317 4065 442 4113; x_wconf 76' lang='lat' dir='ltr'><strong>tractatur</strong></span> <span class='ocrx_word' id='word_1_230' title='bbox 458 4052 486 4112; x_wconf 83' lang='lat' dir='ltr'><strong>in</strong></span> <span class='ocrx_word' id='word_1_231' title='bbox 506 4049 592 4126; x_wconf 63' lang='lat' dir='ltr'><strong>Epist.</strong></span> <span class='ocrx_word' id='word_1_232' title='bbox 613 4052 668 4124; x_wconf 61' lang='lat'><strong>28.</strong></span> <span class='ocrx_word' id='word_1_233' title='bbox 692 4049 720 4105; x_wconf 82' lang='lat' dir='ltr'><strong>in</strong></span> <span class='ocrx_word' id='word_1_234' title='bbox 746 4047 1021 4108; x_wconf 66' lang='lat' dir='ltr'><strong>consolationibus</strong></span> <span class='ocrx_word' id='word_1_235' title='bbox 1046 4049 1141 4123; x_wconf 73' lang='lat' dir='ltr'><strong>partim</strong></span> <span class='ocrx_word' id='word_1_236' title='bbox 1161 4049 1189 4108; x_wconf 81' lang='lat' dir='ltr'><strong>ta</strong></span> <span class='ocrx_word' id='word_1_237' title='bbox 1213 4052 1280 4112; x_wconf 79' lang='lat' dir='ltr'><strong>aliia</strong></span> 
     </span>
    </p>
   </div>
   <div class='ocr_carea' id='block_1_7' title="bbox 233 4141 461 4220">
    <p class='ocr_par' dir='ltr' id='par_1_7' title="bbox 233 4141 461 4220">
     <span class='ocr_line' id='line_1_34' title="bbox 233 4141 461 4220; baseline -0.018 -11"><span class='ocrx_word' id='word_1_238' title='bbox 233 4141 346 4220; x_wconf 61' lang='lat' dir='ltr'><strong>artistic</strong></span> <span class='ocrx_word' id='word_1_239' title='bbox 459 4149 461 4156; x_wconf 80' lang='grc'>’</span> 
     </span>
    </p>
   </div>
   <div class='ocr_carea' id='block_1_8' title="bbox 0 0 1438 4780">
    <p class='ocr_par' dir='ltr' id='par_1_8' title="bbox 0 0 1438 4780">
     <span class='ocr_line' id='line_1_35' title="bbox 0 0 1438 4780; baseline 0 0"><span class='ocrx_word' id='word_1_240' title='bbox 0 0 1438 4780; x_wconf 95' lang='lat' dir='ltr'><strong> </strong></span> 
     </span>
    </p>
   </div>
  </div>
 </body>
</html>
