2858 4784
643 405 656 488 (
699 408 797 492 aa)

565 613 686 702 Caput
700 605 854 682 'arnume

167 787 291 870 „Ad
317 809 367 855 vs.
394 784 445 858 14.
500 784 637 885 Verbaa
669 787 796 874 rpraeta
824 793 877 881 διὰ
904 765 1089 888 πνιῦμιιτιξ
1108 794 1229 886 ariarico

135 959 139 963 -
173 903 295 976 ἑαυτὸν
306 901 509 988 προσήνεγκεν
522 901 653 990 ἄμωμον
669 899 821 971 diversas
843 903 1143 999 interpretationes
1161 931 1226 976 ex-

169 1032 287 1108 perta
305 1034 396 1084 sunt
418 1055 435 1067 *-
449 1017 592 1087 Varians
618 1015 721 1084 lectio
748 1021 800 1090 διὰ
825 999 1002 1106 πιεύμιιιις
1030 1024 1124 1104 ἁγίου
1144 1036 1229 1096 nota

175 1147 259 1218 est.
282 1147 316 1208 et
337 1147 562 1215 testaturflrr·
583 1133 699 1205 eterra
722 1158 742 1198 a
761 1129 876 1198 multis
894 1133 1146 1226 antiquioribus
1164 1113 1226 1202 in'·

171 1245 392 1336 terpretibus
414 1243 574 1314 habitum
589 1269 661 1314 asse
673 1269 740 1341 pro
753 1273 805 1319 arr·
827 1251 920 1336 ἁγίῳ.
962 1229 1085 1340 Neque
1105 1248 1224 1344 video,

171 1381 244 1427 cnr
277 1357 377 1426 aliam
401 1361 725 1450 interpretationem
754 1384 831 1429 cum
853 1359 968 1428 multis
993 1364 1225 1433 recentiorum

169 1473 270 1552 inire
293 1472 460 1558 vel-imus,
493 1495 571 1540 curn
600 1473 646 1539 sit
675 1474 838 1540 facillima
867 1491 902 1539 et
934 1496 1070 1542 sonsum
1092 1477 1224 1546 honum

170 1586 368 1672 praebeat,
401 1602 435 1651 et
461 1586 639 1654 contextui
663 1603 698 1652 et
727 1584 842 1680 quoad
869 1609 1006 1679 sensum
1034 1586 1106 1656 aliis
1130 1587 1168 1674 S.
1185 1585 1222 1690 S·

171 1695 266 1769 locis
289 1697 545 1776 accommodata
567 1700 624 1764 sit.

222 1810 477 1892 Recentiores
465 1827 674 1900 interpretes
697 1821 823 1898 πνεῦμα
848 1817 985 1892 αἰώνιον,
1009 1798 1100 1908 quoe
1118 1817 1222 1916 lectio

162 1925 369 1996 secundum
386 1923 521 2010 regulas
535 1923 673 1990 critices
692 1926 934 2016 pracferenda
941 1947 1010 2012 est,
1031 1931 1134 2007 modo
1153 1959 1220 2004 na-

169 2056 291 2108 turam
309 2037 442 2104 Christi
463 2035 636 2115 divinem,
658 2038 763 2104 modo
792 2038 1026 2108 conditionem
1048 2046 1218 2143 excelsio7

123 2193 125 2197 ·
166 2177 251 2222 rem
273 2165 481 2239 senstatunr
501 2145 713 2216 exaltationis
732 2173 803 2216 esse
827 2168 972 2236 putant,
996 2179 1037 2225 eo
1060 2183 1161 2226 sensu
1181 2179 1220 2230 ut

168 2266 334 2340 Christus
364 2262 558 2329 secundum
588 2278 748 2332 naturam
777 2288 872 2331 suam
904 2266 958 2334 vel
984 2255 1219 2351 conditionem

164 2380 407 2464 sublimiorem
439 2399 474 2443 se
505 2378 579 2474 Deo
614 2394 791 2466 tamqnam
821 2379 993 2446 victimam
1028 2359 1218 2482 parientem

126 2533 130 2540 -
162 2492 456 2586 praesentaverit.
512 2489 585 2560 Alii
611 2491 676 2554 suh
708 2492 772 2554 ista
793 2489 911 2580 phrasi
937 2491 1136 2596 intelligunt
1154 2523 1220 2565 aa

114 2653 116 2657 -
162 2609 355 2697 orificium
372 2620 581 2685 aeternum,
605 2598 813 2666 salutares
788 2625 861 2668 stne
889 2601 959 2670 fine
982 2605 1121 2674 effectus
1148 2587 1215 2678 ha·

160 2721 283 2800 hena,
306 2717 363 2782 alii
385 2732 574 2785 aeternam
602 2714 746 2781 Christi
764 2717 898 2800 vitam,
924 2736 1091 2809 quatenus
1105 2724 1215 2810 victi·

163 2857 225 2902 ma
249 2809 381 2898 Christi
405 2830 562 2897 omnihus
594 2827 741 2898 victimis
763 2815 932 2918 praestet,
968 2857 1048 2900 curn
1068 2837 1120 2923 is,
1154 2839 1215 2930 qui

118 3021 121 3025 ,
166 2972 250 3036 eam
274 2945 465 3038 ohtnlerpt,
486 2943 524 3010 in
546 2961 724 3010 aeternum
744 2943 834 3010 vivat
858 2943 959 3032 (50).

208 3058 283 3129 Sed
319 3059 385 3138 hae
411 3059 601 3141 diversae
590 3075 682 3123 anter
709 3079 744 3124 se
776 3058 1081 3148 interpretationes
1106 3092 1213 3156 argu·

161 3174 272 3250 tiores
288 3192 371 3242 sunt
397 3190 433 3242 et
450 3165 566 3241 multis
584 3166 843 3238 difficultatibus
866 3172 1038 3245 laborant.
1081 3181 1210 3270 Quaeri

151 3293 265 3370 ,enim
285 3305 420 3379 potest,
436 3287 499 3376 qni
517 3286 592 3353 fieri
613 3285 785 3376 potuerit,
796 3302 836 3352 ut
853 3285 1011 3354 Christus
1022 3294 1213 3368 secundum

165 3421 327 3474 naturam
350 3401 509 3478 divinam
522 3424 557 3469 se
574 3402 645 3466 Deo
664 3400 836 3468 victimam
858 3400 1065 3474 exhiberet?
1049 3407 1209 3491 iChpi-

199 3682 273 3756 (50)
290 3683 533 3740 Rotenmhllar
558 3687 587 3741 in
612 3680 724 3740 scholiis
745 3680 777 3734 ad
798 3678 866 3737 hunc
891 3683 991 3755 Ιοιιιιιις
1016 3692 1061 3759 qni
1081 3695 1210 3750 nonnullis

83 3831 88 3846 ι
165 3767 288 3840 exemplis
311 3769 402 3836 donat,
417 3777 532 3839 aaran
550 3773 681 3828 interdurn
703 3788 751 3840 pro
776 3775 831 3841 L'oi
848 3773 918 3840 poni.
954 3773 1058 3832 Wahl
1079 3780 1127 3834 enh
1146 3799 1210 3838 vore

164 3860 277 3920 πνεῦμα
288 3868 376 3928 notat,
393 3863 504 3923 πνεῦμα
523 3861 633 3910 atatam
650 3875 705 3926 etse
721 3872 768 3912 πν.
786 3860 871 3922 ἅγιον.
888 3859 1041 3916 Kuincel
1066 3865 1094 3918 in
1124 3871 1208 3921 Com-

166 3957 248 4002 ment.
272 3943 305 3999 td
329 3945 357 3998 h.
375 3947 395 4004 l.
421 3941 510 4000 noveni
533 3945 650 4000 diversas
675 3944 846 4012 interpretum
868 3943 899 3999 tle
922 3947 970 4002 hoc
993 3949 1048 4003 loco
1068 3956 1209 4010 sententiaa

168 4041 297 4095 recenset,
316 4043 344 4087 et
357 4047 431 4086 snam
449 4029 541 4100 adjicit
555 4032 597 4086 his
613 4021 714 4083 rethia:
740 4031 938 4100 aquinaterna
960 4036 984 4089 vi
1000 4026 1086 4091 divina
1103 4041 1206 4109 adjutos

165 4134 193 4172 se
210 4118 342 4178 aihtinttn
356 4117 418 4177 Deo
434 4119 564 4192 obtulit,”
583 4112 626 4174 oui
640 4127 685 4188 ero
701 4135 752 4172 non
767 4135 870 4190 pertun
887 4120 1060 4194 rubonibus.

911 4211 927 4270 7
951 4211 967 4242 0
